@inproceedings{Coling2000,
author = "M. Rayner and B.A. Hockey and F. James",
title = "Compiling Language Models from a Linguistically Motivated Unification Grammar",
booktitle = "Proceedings of the Eighteenth International Conference on Computational
Linguistics",
year = 2000
}

@inproceedings{ANLP00,
author = "M. Rayner and B.A. Hockey and F. James",
title = "A Compact Architecture for Dialogue Management Based on Scripts and Meta-Outputs",
booktitle = "Proceedings of the 6th Applied Natural Language Processing Conference",
address = "Seattle, WA",
year = 2000
}

@inproceedings{RaynerEA2001,
author = "M. Rayner and G. Gorrell and B.A. Hockey and J. Dowding and J. Boye",
title = "Do CFG Based Language Models Need Agreement Constraints?",
booktitle = "Proceedings of 2nd NAACL",
year = 2001
}

@manual{BeVocal,
author = "BeVocal",
address = {http://www.bevocal.com},
year = {2001},
note = {As of 31 January 2001}
}


@inproceedings{BoyeEA2000,
author = "J. Boye and B.A. Hockey and M. Rayner",
title = "Asynchronous Dialogue Management: Two Case-Studies",
booktitle = "Gotalog: Fourth Workshop on the Semantics and Pragmatics of Dialogue",
year = "2000"
}


@manual{Festival,
author = "The Festival Speech Synthesis Systems",
address = {http://www.cstr.ed.ac.uk/projects/festival},
year = {2001},
note = {As of 28 February 2001}
}

@unpublished{BrattStolcke1999,
author = "H. Bratt and A. Stolcke",
note =  "private communication",
year = "1999"
}

@inproceedings{Communicator99,
author = "J. Aberdeen and S. Bayer and S. Caskey and L. Damianos and A. Goldschen and L. Hirschman and D. Loehr and H. Trappe",
title = "Implementing Practical Dialogue Systems with the {DARPA} {C}ommunicator Architecture",
booktitle = "Proceedings of the IJCAI'99 Workshop on Knowledge And Reasoning In Practical Dialogue Systems",
pages = "81-88",
year = 1999
}

@inproceedings{DahlEA1994,
author = "D. Dahl and M. Bates and M. Brown and K. Hunicke-Smith and D. Pallet and C. Pao and A. Rudnicky and E. Shriberg",
title = "Expanding the Scope of the {ATIS} Task: The {ATIS}-3 Corpus",
booktitle = "Proceedings of the ARPA Human Language Technology Workshop",
address = "Princeton, NJ",
year = "March 1994"
}

@inproceedings{DowdingEA93,
author = "J. Dowding and M. Gawron and D. Appelt and L. Cherny and R. Moore and D. Moran",
title = {Gemini: A Natural Language System for Spoken Language Understanding},
booktitle = "Proceedings of the Thirty-First Annual Meeting of the Association
for Computational Linguistics",
year = 1993
}

@inproceedings{GauthronColineau1999,
author = "O. Gauthron and N. Colineau",
title = "{SETHIVoice}: CGF Control by Speech-Recognition/Interpretation",
booktitle = "I/ITSEC '99 (Interservice/Industry Training, Simulation and Education Conference), Synthetic Solutions for the 21st Century",
address = "Orlando, FL",
year = 1999
}


@inproceedings{Cohen95,
  author = "M. Cohen and Z. Rivlin and H. Bratt",
  title = "Speech Recognition in the {ATIS} Domain Using Multiple Knowledge
Sources",
  booktitle = "Proceedings of the Spoken Language Systems Technology
Workshop",
  pages = "257-260",
  year = "1995"
}


@manual{HeyAnita,
author = "HeyAnita",
address = {http://www.heyanita.com},
year = {2001},
note = {As of 31 January 2001}
}


@book{HopcroftUllman1979,
author = "J. Hopcroft and J. Ullman",
title = "Introduction to Automata Theory, Languages, and Computation",
publisher = "Addison-Wesley",
address = "Reading, MA",
year = 1979}


@inproceedings{Johnson1998,
author = "M. Johnson",
title = "Finite-state Approximation of Constraint-based Grammars using Left-corner Grammar Transforms",
booktitle = "Proceedings of the 36th Annual Meeting of the Association for Computational Linguistics",
year = 1998,
pages = "619-623"
}


@inproceedings{KieferKrieger2000,
author = "B. Kiefer and H. Krieger",
title = "A Context-Free Approximation of Head-Driven Phrase Structure Grammar",
booktitle = "Proceedings of the 6th International Workshop on Parsing Technologies",
pages = "135-146",
year = 2000,
}

@inproceedings{Moore2000b,
author = "R. Moore",
title = "Improved left-corner chart parsing for large context-free grammars",
booktitle = "Proceedings of the 6th International Workshop on Parsing Technologies",
pages = "171-182",
year = 2000,
}


@inproceedings{Moore1998,
author = "R. Moore",
title = "Using Natural Language Knowledge Sources in Speech Recognition",
booktitle = "Proceedings of the NATO Advanced Studies Institute",
year = 1998
}

@inproceedings{Moore2000,
author = "R. Moore",
title = "Removing Left-Recursion from Context-Free Grammars",
booktitle = "Proceedings of 1st Meeting of the North Americal Chapter of the Associations for Computational Linguistics",
pages = "249-255",
year = 2000
}

@inproceedings{LemonEA2001,
author = "O. Lemon and A. Bracy and A. Gruenstein and S. Peters",
title = {Multimodal Dialogues with Intelligent Agents in Dynamic Environments: the {WITAS} Conversational Interface},
booktitle = "Proceedings of 2nd Meeting of the North American Association for Computational Linguistics",
address = "Pittsburgh, PA",
year = 2001,
}

@incollection{VanEijckMoore92,
author  = "J. van Eijck and R. Moore",
year    = 1992,
pages = "83-116",
title   = "Semantic Rules for {English}",
booktitle = "The Core Language Engine",
publisher = "MIT Press",
editor  = " H. Alshawi",
}

@inproceedings{MartinEA98,
author = "D. Martin and A. Cheyer and D. Moran",
title = "Building Distributed Software Systems with the Open Agent Architecture",
booktitle = "Proceedings of the Third International Conference on the Practical
Application of Intelligent Agents and Multi-Agent Technology",
year = 1998
}

@inproceedings{MooreEA97,
author = "R. Moore and J. Dowding and H. Bratt and J. Gawron and Y. Gorfu and A. Cheyer",
title = "{CommandTalk}: A Spoken-Language Interface for Battlefield  Simulations",
booktitle = "Proceedings of the Fifth Conference on Applied Natural Language Processing",
pages = "1-7",
year = 1997
}


@manual{ViaVoice,
author = "IBM",
title = {ViaVoice SDK for Windows, version 1.5},
year = {1999},
key = {ViaVoice}
}

@manual{Nuance,
author = "Nuance",
address = {http://www.nuance.com},
year = {2003},
key = {Nuance},
note = {As of 25 February 2003}
}

@manual{LeatherNet,
title = "LeatherNet Summary",
address = {http://www-dcst.monroe.army.mil/wfxxi/leathnet.htm},
year = {1996},
note = {As of 1 March 2001}
}

@manual{MURI,
title = "ONR BAA 99-014",
address = {http://www.onr.navy.mil/02/baa/baa99014.htm},
year = {1999},
note = {As of 1 March 2001}
}

@manual{COVE,
title = "Welcome to COVE",
address = {http://cove.bbn.com/public},
year = {2001},
note = {As of 1 March 2001}
}

@inproceedings{PereiraWright1991,
author = "F. Pereira and R. Wright",
title = {Finite-State Approximation of Phrase Structure Grammars},
booktitle = "Proceedings of the 29th Annual Meeting of the Assocations for Computational Linguistics",
pages = "246-255",
year = 1985
}

@book{PollardSag94,
author = "C. Pollard and I. Sag",
title = {Head-Driven Phrase Structure Grammar},
publisher = "University of Chicago Press",
year = 1994}

@manual{PSA,
author = "PSA",
title = {Personal Satellite Assistant (PSA) Project},
address = {http://ic.arc.nasa.gov/ic/projects/psa/},
key = {PSA},
year = {2002},
note = {As of 1 Feb 2002}
}

@manual{CommunicatorHomePage,
title = {DARPA Communicator Web Page},
address = {http://fofoca.mitre.org},
key = {DARPA},
note =  {As of 1 April 1999}
}

@book{Shieber1986,
author = "S. Shieber",
title = {An Introduction to Unification-based Approaches to Grammar},
series = "CLSI Lecture Notes no. 4",
publisher = {Center for the Study of Language and Information},
note = "(distributed by the University of Chicago Press)",
year = 1986
}

@inproceedings{Shieber1985,
author = "S. Shieber",
title = {Using Restriction to Extend Parsing Algorithms for Complex-Feature-Based Formalisms},
booktitle = "Proceedings of the 23rd Annual Meeting of the Assocations for Computational Linguistics",
pages = "145-152",
year = 1985
}

@inproceedings{Smith97,
author = "R. W. Smith",
title = "An Evaluation of Strategies for Selective Utterance Verification for Spoken Natural Language Dialog",
booktitle = "Proceedings of the Fifth Conference on Applied Natural Language Processing",
pages = "41-48",
year = 1997
}

@manual{SpeechWorks,
author = "SpeechWorks",
address = {http://www.speechworks.com},
year = {2003},
note = {As of 25 Feb 2003}
}

@inproceedings{StentEA99,
author = "A. Stent and J. Dowding and J. Gawron and E. Bratt and R. Moore",
title = "The {CommandTalk} Spoken Dialogue System",
booktitle = "Proceedings of the Thirty-Seventh Annual Meeting of the Association for Computational Linguistics",
pages = "183-190",
year = 1999
} 

@manual{TellMe,
author = "TellMe",
address = {http://www.tellme.com},
year = {2001},
note = {As of 31 January 2001}
}

@inproceedings{TraumAllen94,
author = "D. R. Traum and J. Allen",
title = "Discourse Obligations in Dialogue Processing",
booktitle = "Proceedings of the Thirty-Second Annual Meeting of the Association for Computational Linguistics",
pages = "1-8",
year = 1994
} 


@inproceedings{TraumAndersen99,
author = "D. R. Traum and C. F. Andersen",
title = "Representations of Dialogue State for Domain and Task Independent 
Meta-Dialogue",
booktitle = "Proceedings of the IJCAI'99 Workshop on Knowledge and Reasoning in Practical Dialogue Systems",
pages = "113-120",
year = 1999
} 

@inproceedings{Weber95,
author = "B. Webber",
title = "Instructing Animated Agents: Viewing Language in Behavioral Terms",
booktitle = "Proceedings of the International Conference on Cooperative Multi-modal Communication",
year = 1995
} 

@TechReport{Flakey93,
  author =       {K. Konolige and K. Myers and E. Ruspini and A. Saffiotti},
  title =        {Flakey in action: The 1992 {AAAI} Robot Competition},
  institution =  {SRI},
  year =         {1993},
  number =       {SRI Technical Note 528},
  address =      {AI Center, SRI International, 333 Ravenswood Ave., Menlo Park, CA 94025}
}

@inproceedings{BadlerEA99,
author = "N. Badler and R. Bindiganavale and J. Bourne and J. Allbeck and J. Shi and M. Palmer",
title = "Real time virtual humans",
booktitle = "International Conference on Digital Media Futures",
year = 1999
} 


@inproceedings{Pym95,
author = "D. Pym and L. Pryor and D. Murphy",
title = "Actions as processes:  a position on planning",
booktitle = "Working Notes, AAAI Symposium on Extending Theories of Action",
pages = "169-173",
year = 1995
} 

@inproceedings{Perzanowski99,
author = "D. Perzanowski and A. Schultz and W. Adams  and E. Marsh",
title = "Goal Tracking in a Natural Language Interface: Towards Achieving Adjustable Autonomy",
booktitle = "ISIS/CIRA99 Conference",
organization = "IEEE",
address = "Monterey, CA",
year = 1999
} 

@inproceedings{Perzanowski98,
author = "D. Perzanowski and A. Schultz and W. Adams",
title = "Integrating Natural Language and Gesture in a Robotics Domain",
booktitle = "IEEE International Symposium on Intelligent Control:
ISIC/CIRA/ISAS Joint Conference",
address = "Gaithersburg, MD:  National Institute of Standards and Technology",
pages = "247-252",
year = 1998
} 

@inproceedings{Thompson96,
author = "H. S. Thompson",
title = "Why `Turn-taking' is the Wrong Way to Analyse Dialogue:  Empirical and Theoretical Flaws",
booktitle = "Proceeding of the 1996 International Symposium on Spoken Dialogue",
year = 1996
}

@inproceedings{BoyeEtAl99,
author = "J. Boye and M. Wir\'{e}n  and M. Rayner and  I. Lewis and D. Carter and R. Becket",
title = "Language-Processsing Strategies for Mixed-Initiative Dialogues",
booktitle = "Proceedings of the IJCAI'99 Workshop on Knowledge And Reasoning In Practical Dialogue Systems",
pages = "17-24",
year = 1999
}


@inproceedings{RaynerEtAl2000,
author = "M. Rayner and B.A. Hockey and F. James",
title = "A Compact Architecture for Dialogue Management Based on Scripts and Meta-Outputs",
booktitle = "Proceedings of Applied Natural Language Processing (ANLP)",
year = 2000
}

@inproceedings{OAA,
author = "D. Martin and A. Cheyer and D. Moran",
title = "Building Distributed Software Systems with the Open Agent Architecture",
booktitle = "Proceedings of the Third International Conference on the Practical Application of Intelligent Agents and Multi-Agent Technology",
address = "Blackpool, Lancashire, UK",
year = 1998
}

@inproceedings{SeneffEtAl98,
author = "S. Seneff and E. Hurley and C. Pao and P. Schmid and V. Zue",
title = "Galaxy-{II}: A Reference Architecture for Conversational System Development",
booktitle = "Proceedings of the 5th International Conference on Spoken Language Processing",
address = "Sydney, Australia",
year = 1998
}

@InProceedings{Rayner88,
  author = 	 {M. Rayner},
  title = 	 {Applying Explanation-Based Generalization to Natural-Language Processing},
  booktitle = 	 {Proceedings of the International Conference on Fifth Generation Computer Systems},
  pages = 	 {1267--1274},
  year = 	 {1988},
  address = 	 {Tokyo, Japan}
}

@Article{FikesNilson71,
  author = 	 {R.E. Fikes and N.J. Nilson},
  title = 	 {STRIPS: A New Approach to the Application of Theorem Proving to Problem Solving},
  journal = 	 {Artificial Intelligence},
  year = 	 {1971},
  volume = 	 {3},
  pages = 	 {251--288}
}

@Article{VanHarmelenBundy88,
  author = 	 {T. van Harmelen and A. Bundy},
  title = 	 {Explanation-Based Generalization = Partial Evaluation (research note)},
  journal = 	 {Artificial Intelligence},
  year = 	 {1988},
  volume = 	 {36},
  pages = 	 {401--412}
}

@Article{PereiraWarren80,
  author = 	 {F.C.N. Pereira and D.H.D. Warren},
  title = 	 {Definite clause grammars for language analysis -- a survey of the formalism and a comparison with augmented transition networks},
  journal = 	 {Artificial Intelligence},
  year = 	 {1980},
  volume = 	 {13},
  pages = 	 {231--278}
}

@InProceedings{SamuelssonRayner91,
  author = 	 {C. Samuelsson and M. Rayner},
  title = 	 {Quantitative Evaluation of Explanation-Based Learning as an Optimization Tool for a Large-Scale Natural Language System},
  booktitle = 	 {Proceedings of the Twelfth IJCAI},
  pages = 	 {609--615},
  year = 	 {1991},
  address = 	 {Sydney, Australia}
}

@PhdThesis{Samuelsson94,
  author = 	 {C. Samuelsson},
  title = 	 {Fast Natural-Language Parsing Using Explanation-Based Learning},
  school = 	 {The Royal Institute of Technology and Stockholm University},
  year = 	 {1994}
}

@InProceedings{RaynerCarter96,
  author = 	 {M. Rayner and D.M. Carter},
  title = 	 {Fast Parsing using Pruning and Grammar Specialization},
  booktitle = 	 {Proceedings of the Thirty-Fourth Annual Meeting of the Association for Computational Linguistics},
  pages = 	 {223--230},
  year = 	 {1996},
  address = 	 {Santa Cruz, California}
}

@InCollection{Pulman92,
  author = 	 {S.G.\ Pulman},
  booktitle = 	 {The Core Language Engine},
  title = 	 {Syntactic and Semantic Processing},
  crossref =     {Alshawi92},
  pages =        {129--148}
}

@Book{Alshawi92,
  editor = 	 {H. Alshawi},
  title = 	 {The Core Language Engine},
  publisher = 	 {MIT Press},
  year = 	 {1992},
  address = 	 {Cambridge, Massachusetts}
}

@InProceedings{Carter97,
  author = 	 {D. Carter},
  title = 	 {The TreeBanker: a Tool for Supervised Training of Parsed Corpora},
  booktitle = 	 {Proceedings of the ACL Workshop on Computational
Environments for Grammar Development and Linguistic Engineering},
  year = 	 {1997},
  address = 	 {Madrid, Spain}
}

@InProceedings{Martin97,
  author = 	 {P. Martin},
  title = 	 {The `Casual Cashmere Diaper Bag': Constraining Speech
Recognition Using Examples},
  booktitle = 	 {Proceedings of the ACL Workshop Interactive Spoken Dialog Systems:
Bringing Speech and NLP Together in Real Applications},
  year = 	 {1997},
  pages =        {61--65},
  address = 	 {Madrid, Spain}
}

@Article{MitchellKedarCabelli86,
  author = 	 {T.S. Mitchell and S. Kedar-Cabelli and R. Keller},
  title = 	 {Explanation-Based Generalization: a Unifying View},
  journal = 	 {Machine Learning},
  year = 	 {1986},
  volume = 	 {1},
  number = 	 {1},
  pages = 	 {47--80}
}

@InCollection{RaynerCarterSamuelsson00,
  author = 	 {M. Rayner and D. Carter and C. Samuelsson},
  booktitle = 	 {The Spoken Language Translator},
  title = 	 {Grammar Specialisation},
  crossref =     {SLTBook},
}

@InCollection{Carter00,
  author = 	 {D. Carter},
  booktitle = 	 {The Spoken Language Translator},
  title = 	 {Choosing Between Interpretations},
  crossref =     {SLTBook},
}

@Book{SLTBook,
  editor = 	 {M. Rayner and D. Carter and P. Bouillon and
                  V. Digalakis and M. Wir\'{e}n},
  title = 	 {The Spoken Language Translator},
  publisher = 	 {Cambridge University Press},
  year = 	 {2000}
}


@inproceedings{Ward95,
  author = "W. Ward and S. Issar",
  title = "The CMU ATIS System",
  booktitle = "Spoken Language System Technology Workshop",
  pages = "249-251",
  year = "1995"
}



@incollection{Winograd73,
author  = "T. A. Winograd",
year    = 1973,
title   = "A Procedural Model of Language Understanding",
booktitle = "Computer Models of Thought and Language",
publisher = "Freeman",
address = "San Francisco, CA",
editor  = "R. C. Shank and K. M. Colby",
}


@manual{W3C2001,
author = "World Wide Web Consortium (W3C)",
title = {Speech Recognition Grammar Specification for the W3C Speech Interface Framework}, 
address = {http://www.w3.org/TR/speech-grammar},
year = {2001},
note = {As of 3 January 2001}
}

@inproceedings{Hu96,
  author = "J. Hu and W. Turin and M.K. Brown",
  title = "Language Modeling with Stochastic Automata",
  booktitle = "Proceedings of the Fourth International Conference on Spoken Language Processing (ICSLP)",
  pages = "406-413",
  year = "1996"
}

@inproceedings{Iyer97,
  author = "R. Iyer and M. Ostendorf",
  title = "Transforming Out-of-Domain Estimates to Improve In-Domain Language Models",
  booktitle = "Proceedings of the 5th European Conference on Speech Communication and Technology (EuroSpeech97)",
  pages = "1975-1978",
  year = "1997"
}

@inproceedings{Bellegarda99,
  author = "J. Bellegarda",
  title = "Context Scope Selection in Multi-Span Statistical Language Modeling",
  booktitle = "Proceedings of the 6th European Conference on Speech Communication and Technology (EuroSpeech99)",
  pages = "2163-2166",
  year = "1999"
}

@inproceedings{Stolcke96,
  author = "A. Stolcke and E. Shriberg",
  title = "Statistical language modeling for speech disfluencies",
  booktitle = "Proceedings of the IEEE International Conference on Acoustics, Speech and Signal Processing",
  pages = "405-408",
  year = "1996"
}

@Article{Postal84,
  author = 	 {Paul M. Postal and D. Terence Langendoen},
  title = 	 {English and the Class of Context-Free Languages},
  journal = 	 {Computational Linguistics},
  year = 	 {1984},
  volume = 	 {10},
  number =       {3-4},
  pages = 	 {177-181}
}

@Article{Pullum84,
  author = 	 {Geoffrey K. Pullum},
  title = 	 {On Two Recent Attempts to Show that English Is Not a CFL},
  journal = 	 {Computational Linguistics},
  year = 	 {1984},
  volume = 	 {10},
  number =       {3-4},
  pages = 	 {182-186}
}

@Article{PullumGazdar82,
  author = 	 {Geoffrey K. Pullum and Gerald Gazdar},
  title = 	 {natural Languages and Context-Free Languages},
  journal = 	 {Llinguistics and Philosophy},
  year = 	 {1982},
  volume = 	 {4},
  pages = 	 {471-504}
}

@book{GPSG,
author = "Gerald Gazdar and Ewan Klein and Geoffrey Pullum and Ivan Sag",
title = "Generalized Phrase Structure Grammar",
publisher = "Harvard University Press",
address = "Cambridge, MA",
year = 1985}


@Article{DowlingGallier84,
  author = 	 {William F. Dowling and Jean H. Gallier},
  title = 	 {Linear-Time Algorithms for Testing the Satisfiability of Propositional Horn Formulae},
  journal = 	 {The Journal of Logic Programming},
  year = 	 {1984},
  volume = 	 {1},
number =         {3},
  pages = 	 {267-284}
}

@InProceedings{Rayner2001,
  author = 	 {M. Rayner and Genevieve Gorrell and Beth Ann Hockey and John Dowding and Johan Boye },
  title = 	 {Do Language Models Need agreement Constraints?},
  booktitle = 	 {Proceedings of the Second Annual Meeting of the North American Chapter of the Association for Computational Linguistics},
  year = 	 {2001},
  address = 	 {Pittsburg, PA}
}

@manual{NuanceManual62, 
  title = {Nuance Speech Recognition System Developer's Manual version 6.2}, 
  address = {1380 Willow Road, Menlo Park, CA 94025},
  author = {{Nuance Communications}}, 
  key = {Nuance}, 
  year = "1999"
  } 

@manual{LonWorks, 
  title = {LONWORKS CORE TECHNOLOGY}, 
  address = {http://www.echelon.com/Products/Core/}, 
  year = {2000}, 
  author = {{Echelon Corporation}}, 
  note = {As of 6 November 2000} 
  } 

@manual{Sicstus, 
  title = {SICStus Prolog User's Manual},
  address = {Swedish Institute of Computer Science, Kista, Sweden},
  year = {1995}, 
  author = {{Programming Systems Group}}
  } 

@Book{HopcroftUllman79,
  author = 	 {J.E. Hopcroft and J.D. Ullman},
  title = 	 {Introduction to Automata Theory, Languages, and Computation},
  publisher = 	 {Addison-Wesley},
  year = 	 {1979},
  address = 	 {Addison-Wesley, Reading, Massachusetts}
  }

@Article{Mellish88,
author = "C. Mellish",
title = "{Implementing Systemic Classification by Unification}",
journal = {Computational Linguistics},
volume = {14},
number = {1},
pages = "40-51",
year = 1988
}

@inproceedings{DeMori91,
  author = "R. De Mori and R. Kuhn",
  title = "Some Results on Stochastic Language Modelling",
  booktitle = "Speech and Natural Language Workshop",
  pages = "225-230",
  year = "1991"
}

@inproceedings{Rosenfeld92,
  author = "R. Rosenfeld and X. Huang",
  title = "Improvements in Stochastic Language Modeling",
  booktitle = "Speech and Natural Language Workshop",
  pages = "107-111",
  year = "1992"
}

@InProceedings{Neumann94,
  author = 	 {G. Neumann },
  title = 	 {Application of explanation-based learning for efficient processing of constraint-based grammars},
  booktitle = 	 {Proceedings of the Tenth IEEE Conference on Artifical Intelligence for Applications},
  year = 	 {1994},
  pages =        "208-215",
  address = 	 {San Antonio, TX}
}

@InProceedings{SrinivasJoshi95,
  author = 	 {B. Srinivas and A. Joshi},
  title = 	 {Some novel applications of explanation-based learning to parsing lexicalized tree-adjoining grammars},
  booktitle = 	 {Proceedings of the 33th Annual Meeting of the Association for Computational Linguistics},
  year = 	 {1995}
}

@InProceedings(RaynerDowdingHockey2001,
  author = "M. Rayner and J. Dowding and B.A. Hockey",
  title = "A Baseline Method for Compiling Typed Unification Grammars into Context Free Language Models",
  booktitle = "Proceedings of Eurospeech 2001",
  address = "Aalborg, Denmark",
  pages = "729-732",
  year = 2001
)

@manual{Bos2002,
author = "J. Bos",
title = "UNIANCE: A compiler that translates unification grammars into GSL",
address = {http://www.iccs.informatics.ed.ac.uk/\-~jbos/\-systems.html},
year = 2002,
note = {As of 28 February 2002}
}

@InProceedings(DowdingEA2001,
  author = "J. Dowding and B.A. Hockey and J.M. Gawron and C. Culy",
  title = "Practical Issues in Compiling Typed Unification Grammars for Speech Recognition",
  booktitle = "Proceedings of the 39th Annual Meeting of the Association for Computational Linguistics",
  address = "Toulouse, France",
  year = 2001
)

@InProceedings(KnightEA2001,
  author = "S. Knight and G. Gorrell and M. Rayner and D. Milward and R. Koeling and I. Lewin",
  title = "Comparing grammar-based and robust approaches to speech understanding: a case study",
  booktitle = "Proceedings of Eurospeech 2001",
  address = "Aalborg, Denmark",
  pages = "1779-1782",
  year = 2001
)

@inproceedings{WangEA2002,
  author = "Y.-Y. Wang and A. Acero and C. Chelba and B. Frey and L. Wong",
  title = "Combination of statistical and rule-based approaches for spoken language understanding",
  booktitle = "Proceedings of the 7th International Conference on Spoken Language Processing (ICSLP)",
  pages = "609-612",
  address = "Denver, CO",
  year = "2002"
}

@inproceedings{RaynerHockeyDowding2002,
  author = "M. Rayner and B.A. Hockey and J. Dowding",
  title = "Grammar Specialisation Meets Language Modelling",
  booktitle = "Proceedings of the 7th International Conference on Spoken Language Processing (ICSLP)",
  address = "Denver, CO",
  year = "2002"
}

@inproceedings{Young02,
  author = "Young, S.",
  title = "Talking to Machines (Statistically Speaking)",
  booktitle = "Proceedings of the 7th International Conference on Spoken Language Processing (ICSLP)",
  pages = "9-16",
  address = "Denver, CO",
  year = "2002"
}

@manual{PennTreebank, 
  title = {The Penn Treebank Project}, 
  address = {http://www.cis.upenn.edu/~treebank/}, 
  year = {2002}, 
  author = {{Penn Treebank}}, 
  note = {As of November 15, 2002} 
  } 

@InProceedings(SIGDIAL2001,
  author = "M. Rayner and I. Lewin and G. Gorrell and J. Boye",
  title = "Plug and Play Spoken Language Understanding",
  booktitle = "Proceedings of the 2nd ACL SIGDIAL Workshop on Discourse and Dialogue",
  address = "Aalborg, Denmark",
  year = 2001
)

@book{DudaHart73,
author = "R.O. Duda and P.E. Hart",
title = "Pattern Classification and Scene Analysis",
publisher = "Wiley",
address = "New York",
year = 1973}

@InProceedings{Aist02,
  author = "G. Aist and J. Dowding and B.A. Hockey and J. Hieronymus",
  title = "An Intelligent Procedure Assistant for Astronaut Training and Support",
  booktitle = "Proceedings of the 40th Annual Meeting of the Association for Computational Linguistics (demo track)",
  address = "Philadelphia, PA",
  year = 2002
}

@InProceedings{Yarowsky94,
  author = 	 {D. Yarowsky},
  title = 	 {Decision Lists for Lexical Ambiguity Resolution},
  booktitle = 	 {Proceedings of the 32nd Annual Meeting of the Association for Computational Linguistics},
  pages = 	 {88--95},
  year = 	 {1994},
  address = 	 {Las Cruces, New Mexico}
}

@InProceedings{RaynerBouillon2002,
  author = "M. Rayner and P. Bouillon",
  title = "A Phrasebook Style Medical Speech Translator",
  booktitle = "Proceedings of the 40th Annual Meeting of the Association for Computational Linguistics (demo track)",
  address = "Philadelphia, PA",
  year = 2002
}

@InProceedings{ChappelierEA1999,
  author = "J.-C. Chappelier and M. Rajman and R. Aragues and A. Rozenknop",
  title = "Lattice Parsing for Speech Recognition",
  booktitle = "Proceedings of the 6th TALN",
  address = "Carges, Corsica",
  year = 1999
}
