

@article{fn:str,
    author = "Fikes, Richard and Nilsson, Nils",
    title = "{STRIPS: A new approach to the application of theorem proving to problem solving}",
    journal = "J. Artificial Intelligence",
    year = 1971,
    volume = 2,
    pages = "189-208"}


@techreport{mder:pddl,
    author = "McDermott, D.",
    title = "{PDDL, the Planning Domain Definition Language}",
    institution = "Yale Center for Computational Vision and Control",
    year = 1998}



@InProceedings{kogan06:_aspec_de_y_de_del,
  author = 	 {Pablo Kogan and Jael Yañez and Constanza Campagnon and Laura
                  Cecchi and Gerardo Parra and Claudio Vaucheret and
                  Rodolfo Del Castillo},
  title = 	 {Aspectos de diseño y de implementación del equipo de fútbol con robots {RAKIDUAM}},
  booktitle = {Proceedings del Campeonato Argentino de Fútbol con
                  Robots (CAFR)},
  year = 	 2006,
  editor = 	 {Interamericana U. A.}}


@InProceedings{kogan07:_rakid,
  author = 	 {Pablo Kogan and Mario Moya and Guillermo Torres and
                  Jael Yañez and Laura Cecchi and Gerardo Parra and
                  Rodolfo del Castillo and Claudio Vaucheret },
  title = 	 {{RAKIDUAM}: {U}n {E}quipo de {F}útbol con {L}icencia {GNU} {G}eneral {P}ublic {L}icense},
  booktitle = {V Campeonato Argentino de Fútbol con Robots},
  year = 	 2007}


@InProceedings{trevisani09:_rakid,
  author = 	 {Daniel Trevisani and Germán Braun and Mario Moya and
                  Rodolfo del Castillo and Laura Cecchi and Gerardo
                  Parra and Pablo Kogan and Claudio Vaucheret and
                  Guillermo Torres},
  title = 	 {\mbox{RAKIDUAM}: sistema multiagentes para el fútbol
                  de robots},
  booktitle = {VII Campeonato Argentino de Fútbol con Robots},
  year = 	 2009,
  address = {Cabildo 134, Morón, Buenos Aires},
  organization = {Facultad de Informática, Ciencia de la Comunicación
                  y Técnicas Especiales de la Universidad de Morón }
}

@InProceedings{cecchi09:_un_enfoq_basad_en_compet,
  author = 	 {Laura Cecchi and Claudio Vaucheret and Mario Moya
                  and Pablo Kogan and Rodolfo del Castillo and
                  Guillermo Torres },
  title = 	 {Un enfoque basado en competencias de sistemas
                  multiagentes para la enseñanza de Inteligencia
                  Artificial},
  booktitle = {IV Congreso de Tecnología en Educación y Educación
                  en Tecnología},
  pages = 	 {372 -- 381},
  year = 	 2009,
  address = 	 {La Plata},
  month = 	 {Julio},
  organization = {Universidad Nacional de La Plata}}

@InProceedings{rotstein08:_defeas_argum_suppor_for_exten_bdi_archit,
  author = 	 {Nicolás D. Rotstein and Alejandro J. García and
                  Guillermo R. Simari},
  title = 	 {Defeasible Argumentation Support for an Extended {BDI}
                  Architecture},
  booktitle = {Argumentation in Multi-Agent Systems},
  pages = 	 {145--163},
  year = 	 2008,
  editor = 	 {Springer Berlin / Heidelberg},
  volume = 	 {4946/2008},
  series = 	 {Lecture Notes in Computer Science}}

@InProceedings{moya08:_framew_para_el_desar_de,
  author = 	 {Mario Moya and Guillermo Torres and Pablo Kogan and
                  Claudio Vaucheret and Rodolfo del Castillo and Laura
                  Cecchi and Gerardo Parra},
  title = 	 {Framework para el desarrollo de Equipos de Fútbol de Robots},
  booktitle = {VI Campeonato Argentino de Fútbol con Robots},
  year = 	 2008,
  address = 	 {Buenos Aires 1400, Neuquén, Argentina},
  organization = {Universidad Nacional del Comahue}}

@InProceedings{moya08:_planif_contin_como_contr_de_agent_robot,
  author = 	 {Mario Moya and Claudio Vaucheret},
  title = 	 {Planificador Continuo como Controlador de Agentes Robots},
  booktitle = {X Workshop de Investigadores en Ciencias de la Computación},
  year = 	 2008,
  address = 	 {General Pico, La Pampa, Argentina},
  organization = {Universidad Nacional de la Pampa}
}

@InProceedings{mkpcv10:smad_p,
  author = 	 {Moya, M. and Kogan, P. and Parra, G. and Cecchi, L. and Vaucheret, C.},
  title = 	 {Sistemas Multiagentes en Ambientes Dinámicos: Planificación},
  booktitle = {XII Workshop de Investigadores en Ciencias de la Computación},
  year = 	 2010,
  address = 	 {El Calafate, Santa Cruz, Argentina},
  organization = {Universidad Nacional de la Patagonia San Juan Bosco}
}


@InProceedings{moya08:_un_planif_contin_concur_para_agent_robot,
  author = 	 {Mario Moya and Claudio Vaucheret},
  title = 	 {Un Planificador Continuo Concurrente para Agentes Robots},
  booktitle = {V Workshop de Inteligencia Artificial aplicada a la Robótica Móvil},
  year = 	 2008,
  address = 	 {Buenos Aires 1400, Neuquén, Argentina},
  organization = {Universidad Nacional del Comahue}}


@InProceedings{moya09:_agent_delib_basad_en_contin,
  author = 	 {Mario Moya and Claudio Vaucheret},
  title = 	 {Agentes Deliberativos Basados en Planificación Continua},
  booktitle = {X Workshop Agentes y Sistemas Inteligentes (WASI)},
  year = 	 2009,
  address = 	 {Martiarena esquina Italia - S.S. de Jujuy},
  month = 	 {Octubre},
  organization = {Universidad Nacional de Jujuy - Facultad de Ingeniería}}


@InProceedings{hanks90:_issues_in_archit_for_plann_and_execut,
  author = 	 {Steven Hanks and R. James Firby},
  title = 	 {Issues in architectures for planning and execution},
  booktitle = {Workshop on Innovative Approaches to Planning,
                  Scheduling and Control},
  pages = 	 {59--70},
  year = 	 1990,
  address = 	 {Scheduling and Control, San Diego, CA},
  month = 	 {November}}

@Book{russell03:_artif_intel,
  author =	 {Russell, Stuart and Norvig, Peter},
  title = 	 {Artificial Intelligence: A Modern App\-ro\-ach},
  publisher = 	 {Prentice Hall},
  year = 	 2003,
  series =	 {Prentice Hall Series in Artificial Inteligence},
  edition = 	 {Second}
}

@InProceedings{Maes90,
  author =       "Patti Maes",
  title =        "Situated Agents Can Have Goals",
  booktitle =    "Designing Autonomous Agents",
  pages =        "49--70",
  year =         1990,
  editor =       "Patti Maes",
  publisher =    "MIT Press",
  summary =      "spreading activation networks. runtime arbittraton
                 among actions with respect to goals of system in
                 situation.",
}

@incollection{Huh99,
    title = "{Multiagent Systems and  Societies of Agents}",
    author = "Huhns, M. and Stephens, L.",
   BOOKTITLE =    "{Multiagent Systems: A Modern Approach to Distributed Artificial Intelligence}",
      PUBLISHER =    "The MIT Press",
      YEAR =         "1999",
      address =      "Cambridge, Massachusetts",
      isbn =         "0-262-23203-0",
      editor = "Weiss,G.",
      pages= "79-120"}
      
@BOOK{Wei99,
  editor =       "Weiss, Gerhard",
  TITLE =        "{Multiagent Systems: A Modern Approach to Distributed Artificial Intelligence}",
  PUBLISHER =    "The MIT Press",
  YEAR =         "1999",
  address =      "Cambridge, Massachusetts",
  isbn =         "0-262-23203-0"
  }
      

@inproceedings{mtk08:fdefr,
    author = "Moya, M. and Torres, G. and Kogan, P. and Vaucheret, C. and del Castillo, R. and Cecchi, L. and Parra, G.",
    title = "{Framework para el desarrollo de Equipos de Fútbol de Robots. Caso de Uso: RAKIDUAM}",
    organization = "",
    booktitle = "V Workshop de Inteligencia Artificial aplicada a la Robótica Móvil",
    publisher = "",
    address = "Universidad Nacional del Comahue - Neuquén - Argentina",
    pages = "58-62",
    isbn="978-987-604-100-3",
    year = 2008}

@book{Rus09,
   author = "Russell, Stuart and Norvig, Peter",
   title = "{Artificial Intelligence: A modern approach}",
   publisher = "Prentice Hall",
   address = "New Jersey",
   edition= "third",
   year = 2009}
   
   
@book{gnt:ap,
    author = "Ghallab, Malik and Nau, Dana and Traverso, Paolo",
    title = "Automated Planning. Theory and Practice",
    publisher = "Morgan Kaufmann",
    year=2004}
   
@inproceedings{znk07,
    author = "Zhang, J. and Nguyen, X. and Kowalczyk, R.",
    title = "{Graph-based Multi-agent Replanning Algorithm}",
    organization = "",
    booktitle = "Proceedings of the Sixth Intl. Joint Conf. on Autonomous Agents and Multiagent Systems",
    publisher = "",
    address = "",
    year = 2007}
   
@misc{gbraun:prolog,
    author = "Robert Sasak",
    title = "Planner Prolog",
    howpublished = "Website",
    year = {},
    note = {\url{http://artax.karlin.mff.cuni.cz/ ~sasar5am/pddl}}
}

@misc{gbraun:antlr1,
    author = "Zeyn Saigol",
    title = "PDDL grammar for ANTLR v3",
    howpublished = "Website",
    year = {},
    note = {\url{http://www.murat-knecht.de/ projekte/aspplan/dist/Pddl.g}}
}

@misc{gbraun:antlr2,
    author = "Schuerfen",
    title = "ANTLR v3 grammar for PDDL with Python as target",
    howpublished = "Website",
    year = {},
    note = {\url{http://schuerfen.blogspot.com/2009/05/antlr-v3-grammar-for-pddl-with-python.html}}
}

@misc{gbraun:java,
    author = "Damien Pellier",
    title = "PDDL4J",
    howpublished = "Website",
    year = {},
    note = {\url{http://www.math-info.univ-paris5.fr/ ~pellier/doku.php?id=research:software}}
}

@misc{gbraun:antlrtool,
    author = "Terence Parr",
    title = "ANTLR v3",
    howpublished = "Website",
    year = {},
    note = {\url{http://www.antlr.org}}
}

@inproceedings{gbraun:pddl30,
    author = "Gerevini, A. and Long, D",
    title = "{BNF Description of PDDL 3.0}",
    organization = "",
    booktitle = "",
    publisher = "",
    address = "",
    year = 2005}   
   
@misc{gbraun:cecill,
    author = "",
    title = "{CeCILL}",
    howpublished = "Website",
    year = {},
    note = {\url{http://www.cecill.info/index.en.html}}
} 
   
