@book{AbelsonSussman85,
author="Harold Abelson and Gerald Jay Sussman",
year="1985",
title="{S}tructure and {I}nterpretation of {C}omputer {P}rograms",
publisher="MIT Press",
location="Cambridge"}

@incollection{Achinstein75,
author="Peter Achinstein",
year="1975",
title="The object of explanation",
editor="Stephan Koerner",
booktitle="{E}xplanation",
publisher="Yale University Press",
pages="1--75"}

@inproceedings{AddankiDavis85,
author="Sanjaya Addanki and Ernest Davis",
year="1985",
title="{A} representation for complex physical domains",
booktitle="{P}roc. {I}jcai \bf 9",
pages="443--446"}

@article{Adiv85,
author="G. Adiv",
year="1985",
title="{D}etermining 3-{D} motion and structure from optical flows generated by several moving objects",
journal="{\it IEEE Transactions on Pattern Analysis and Machine Intelligence }",
volume="7",
pages="384--401",
note="(4)"}

@article{AginBinford76,
author="G.J.~Agin and Thomas O.~Binford",
year="1976",
title="{C}omputer descriptions of curved objects",
journal="{\it IEEE Trans. on Computers }",
volume="C-25",
pages="439--449",
note="number~4"}

@techreport{Agre89,
author="Philip E. Agre",
year="1989",
title="{T}he dynamic structure of everyday life",
institution="MIT AI Lab",
number="1085"}

@inproceedings{AgreChapman87,
author="Philip E. Agre and David Chapman",
year="1987",
title="{P}engi: an implementation of a theory of activity",
booktitle="{P}roc. {A}AAI \bf 6",
pages="268--272"}

@incollection{AgreChapman90,
author="Philip E. Agre and David Chapman",
year="1990",
title=" What are plans for",
editor="Patti Maes",
booktitle="{N}ew Architectures for Autonomous Agents: Task-level Decomposition and Emergent Functionality",
publisher="MIT Press",
location="Cambridge"}

@article{Allen84,
author="James Allen",
year="1984",
title="{T}owards a general theory of action and time",
journal="{\it Artificial Intelligence }",
volume="23",
pages="123--154",
note="2"}

@inproceedings{AllenHayes85,
author="James Allen and Patrick Hayes",
year="1985",
title="{A} common-sense theory of time",
booktitle="{P}roc. {I}jcai \bf 9",
pages="528--531"}

@book{AllenEtal90,
editor="James Allen and James Hendler and Austin Tate",
year="1990",
title="{R}eadings in Planning",
publisher="Morgan Kaufmann Publishers, Inc",
location="San Mateo, CA"}

@incollection{AllenLangley90,
author="John A. Allen and Pat Langley",
year="1990",
title="Integrating memory and search in planning",
editor="Katia Sycara",
booktitle="{P}roceedings of the {W}orkshop on {I}nnovative {A}pproaches to {P}lanning, {S}cheduling, and {C}ontrol",
publisher="Morgan Kaufmann Publishers, Inc",
location="San Mateo",
pages="301--312"}

@article{Alterman88,
author="Richard Alterman",
year="1988",
title="{A}daptive planning",
journal="{\it Cognitive Science }",
volume="12",
pages="393--422"}

@article{Anandan89,
author="P.~Anandan",
year="1989",
title="{A} computational framework and an algorithm for the measurement of visual motion",
journal="{\it International Journal of Computer Vision }",
volume="2",
pages="283--310"}

@book{AndersonBelnap75,
author="A. Anderson and N. Belnap",
year="1975",
title="{E}ntailment: the Logic of Relevance and Necessity",
publisher="Princeton University Press"}

@unpublished{AndrewsEtal95,
author="Scott Andrews and Brian Kettler and Kutluhan Erol and James Hendler",
year="1995",
title="UM {T}ranslog: A {P}lanning {D}omain for the {D}evelopment and {B}enchmarking of {P}lanning {S}ystems",
institution="University of Maryland",
number="CS-TR-3487"}


@incollection{Antony90,
author="Richard T. Antony",
year="1990",
title="A hybrid spatial/object-oriented DBMS to support automated spatial, hierarchical, and temporal reasoning",
editor="Su-shing Chen",
booktitle="{A}dvances in Spatial Reasoning",
publisher="Ablex Publishing Corporation",
location="Norwood, NJ",
pages="63--132"}

@inproceedings{Arkin87,
author="Ronald C. Arkin",
year="1987",
title="{M}otor schema based navigation for a mobile robot: an approach to programming by behavior",
booktitle="{P}roc. {I}nt. {C}onf. on {R}obotics and {A}utomation",
note="Raleigh, NC"}

@inproceedings{AtiyaHager91,
author="Sami Atiya and Gregory D. Hager",
year="1991",
title="{R}eal-time vision-based robot localization",
booktitle="{P}roc. {I}EEE {I}ntl'l {C}onf. on {R}obotics and {A}utomation",
pages="639--644"}

@book{Baird85,
author="Henry S. Baird",
year="1985",
title="{M}odel-based Image Matching Using Location",
publisher="MIT Press",
location="Cambridge, MA"}

@misc{Baker74,
author="Kenneth Baker",
year="1974",
title=" Introduction to sequencing and scheduling",
note="New York: John Wiley and Sons"}

@book{BallCoxeter39,
author="W.W. Rouse Ball and H.S.M. Coxeter",
year="1939",
title="{M}athematical {R}ecreations and {E}ssays",
publisher="The Macmillan Company",
location="New York",
note="Eleventh Edition"}

@book{BallardBrown82,
author="Dana Ballard and Christopher Brown",
year="1982",
title="{C}omputer Vision",
publisher="Prentice-Hall, Inc"}

@article{BarrettWeld94,
author="Anthony Barrett and Daniel S. Weld",
year="1994",
title="{P}artial-order planning: evaluating possible efficiency gains",
journal="{\it Artificial Intelligence }",
volume="67",
number="1",
pages="71--112"}

@article{BartoEtal81,
author="Andrew G. Barto and Richard S. Sutton and P.S. Brouwer",
year="1981",
title="{A}ssociative search network: a reinforcement learning associative memory",
journal="{\it Biological Cybernetics }",
volume="40",
number="3",
pages="201--211"}

@techreport{Baumgart75,
author="B.G.~Baumgart",
year="1975",
title="{G}eometric modeling for computer vision",
institution="Stanford Artificial Intelligence Lab",
number="74-463"}

@unpublished{BasyeEtal89,
author="Kenneth Basye and Thomas Dean and Jeffrey Scott Vitter",
year="1989",
title="{C}oping with uncertainty in map learning"}

@techreport{Beetz96,
author="Michael Beetz",
year="1996",
title="{A}nticipating and {F}orestalling {E}xecution {F}ailures in {S}tructured {R}eactive {P}lans",
institution="Yale Computer Science Department",
number="1097"}

@incollection{BeetzMcDermott92,
author="Michael Beetz and Drew McDermott",
year="1992",
title="{D}eclarative goals in reactive plans",
booktitle="{P}roc. {F}irst {I}nt. {C}onf. on {A}I {P}lanning {S}ystems",
editor="James Hendler",
publisher="Morgan Kaufmann",
location="San Mateo",
pages="3--12"}

@incollection{BeetzMcDermott94,
author="Michael Beetz and Drew McDermott",
year="1994",
title="{R}evising failed plans during their execution",
booktitle="{P}roc. {S}econd {I}nt. {C}onf. on {A}I {P}lanning {S}ystems",
editor="Kris Hammond",
publisher="Morgan Kaufmann",
location="San Mateo"}

@inproceedings{BeetzMcDermott96,
author="Michael Beetz and Drew McDermott",
year="1996",
title="{L}ocal planning of ongoing activities",
booktitle="{P}roc. {T}hird {I}nt. {C}onf. on {A}I {P}lanning {S}ystems"}

@techreport{BellPark89,
author="Colin E. Bell and Kwangho Park",
year="1989",
title="{S}olving resource-constrained project scheduling by {A}* search",
institution="University of Iowa",
note="."}

@article{BentleyFriedman79,
author="Jon Bentley and J.H. Friedman",
year="1979",
title="{D}ata structures for range searching",
journal="{\it Computing Surveys }",
volume="11",
number="4",
pages="397--409"}

@book{Bertsekas87,
author="Dimitri P. Bertsekas",
year="1987",
title="{D}ynamic {P}rogramming, {D}eterministic and {S}tochastic {M}odels",
publisher="Prentice-Hall",
location="Englewood Cliffs, NJ"}

@article{BledsoeEtal85,
author="W.W. Bledsoe and K. Kunen and R. Shostak",
year="1985",
title="{C}ompleteness results for inequality provers",
journal="{\it Artificial Intelligence }",
volume="27",
number="3",
pages="255--288"}

@techreport{Birnbaum86,
author="Lawrence Birnbaum",
year="1986",
title="{I}ntegrated {P}rocessing in {P}lanning and {U}nderstanding",
institution="Yale",
number="489"}

@inproceedings{BlackAnandan90,
author="Michael Black and P. Anandan",
year="1990",
title="{C}onstraints for the early detection of discontinuity from motion",
booktitle="{P}roc. {A}AAI \bf 8",
pages="1060--1066"}

@inproceedings{BlackAnandan90,
author="Michael Black and P. Anandan",
year="1990",
title="{A} model for the detection of motion over time",
booktitle="{P}roc. {I}nt. {C}onf. on {C}omputer {V}ision",
note="To appear Osaka, Japan"}

@inproceedings{BlumFurst95,
author="Avrim L. Blum and Merrick L. Furst",
year="1995",
title="{F}ast planning through planning graph analysis",
booktitle="{P}roc. {I}jcai"}

@article{BlumFurst97,
author="Avrim L. Blum and Merrick L. Furst",
year="1997",
title="{F}ast planning through planning graph analysis",
journal="{\it Artificial Intelligence \it 1--2}",
volume="90",
pages="279--298"}

@book{BobrowCollins75,
author="Daniel G. Bobrow and Allan Collins",
year="1975",
title="{R}epresentation and {U}nderstanding",
publisher="Academic Press",
location="New York"}

@inproceedings{BoddyDean89,
author="Mark Boddy and Thomas Dean",
year="1989",
title="{S}olving time-dependent planning problems",
booktitle="{P}roc. {I}jcai \bf 11",
pages="979--984"}

@incollection{Bowen82,
author="Kenneth A. Bowen",
year="1982",
title="Programming with full first-order logic",
editor="J.E. Hayes and Donald Michie and Y-H Pao",
booktitle="{M}achine {I}ntelligence 10",
publisher="Ellis Horwood",
location="Chichester",
pages="421--440"}

@book{BoyerMoore79,
author="Robert S. Boyer and J Strother Moore",
year="1979",
title="{A} {C}omputational {L}ogic",
publisher="Academic Press",
location="New York"}

@article{BrachmanSmith80,
author="Ronald J. Brachman and Brian C. Smith",
year="1980",
title="{S}pecial issue on knowledge representation",
journal="{\it SIGART Newsletter}",
number="70"}

@book{BratleyEtal87,
author="Paul Bratley and Bennet L. Fox and Linus E. Schrage",
year="1987",
title="{A} {G}uide to {S}imulation",
publisher="Springer-Verlag",
location="New York",
note="second edition"}

@book{Breiman69,
author="Leo Breiman",
year="1969",
title="{P}robability and {S}tochastic {P}rocesses",
publisher="Houghton-Mifflin Company",
location="Boston"}

@article{Brooks81,
author="Rodney A. Brooks",
year="1981",
title="{S}ymbolic reasoning among 3-{D} models 	 and 2-{D} images",
journal="{\it Artificial Intelligence }",
volume="17",
pages="285--348",
note="number~1--3"}

@inproceedings{Brooks82,
author="Rodney A. Brooks",
year="1982",
title="{S}olving the find-path problem by 	       good representation of space",
booktitle="{P}roc. {A}AAI \bf 2",
pages="381--386"}

@inproceedings{Brooks85,
author="Rodney A. Brooks",
year="1985",
title="{V}isual map making for a mobile robot",
booktitle="{P}roc. {I}EEE {I}nt. {C}onf. on {R}obotics and {A}utomation",
pages="824--829",
note="Also in Fischler and Firschein 1987, pp.~438--443"}

@article{Brooks86,
author="Rodney A. Brooks",
year="1986",
title="{A} robust layered control system for a mobile robot",
journal="{\it IEEE J. of Robotics and Automation }",
volume="RA-2",
pages="14--23"}

@article{Brooks91,
author="Rodney A. Brooks",
year="1991",
title="{I}ntelligence without representation",
journal="{\it Artificial Intelligence }",
volume="47",
pages="139--159",
note="special issue on foundations of AI, edited by David Kirsh"}

@inproceedings{BrownEtal87,
author="Allen L. Brown and Jr and Dale E. Gaucas and Dan Benanav",
year="1987",
title="{A}n algebraic foundation for truth maintenance",
booktitle="{P}roc. {I}jcai \bf 10",
pages="973--980"}

@book{BrownstonEtal85,
author="Lee Brownston and Robert Farrell and Elaine Kant and Nancy Martin",
year="1985",
title="{P}rogramming {E}xpert {S}ystems in {O}PS5: {A}n {I}ntroduction to {R}ule-Based {P}rogramming",
publisher="Addison-Wesley"}

@article{BuhmannEtal95,
author="Joachim Buhmann and Wolfram Burgard and Armin B. Cremers and Dieter Fox and Thomas Hofmann and Frank E. Schneider and Jiannis Strikos and Sebastian Thrun",
year="1995",
title="{T}he mobile robot {R}HINO",
journal="{\it AI Magazine }",
volume="16",
number="2",
pages="31--38"}

@article{Bundy78,
author="Alan Bundy",
year="1978",
title="{W}ill it reach the top? {P}rediction in the    mechanics world",
journal="{\it Artificial Intelligence }",
volume="10",
number="2",
pages="129--146"}

@incollection{BursteinMcDermott96,
author="Mark H. Burstein and Drew V. McDermott",
year="1996",
title="{I}ssues in the {D}evelopment of {H}uman-Computer {M}ixed-Initiative {P}lanning",
booktitle="{C}ognitive {T}echnology: {I}n {S}earch of a {H}umane {I}nterface",
editor="Barbara Gorayska and Jacob L. Mey",
publisher="Elsevier/North Holland",
location="New York",
note="Advances in Psychology Series,  Amsterdam/"}

@book{Canny88,
author="John Canny",
year="1988",
title="{T}he Complexity of Robot Motion Planning",
publisher="MIT Press",
location="Cambridge",
note="Series   ACM Doctoral  Ph.D. dissertation"}

@inproceedings{CastellanosEtal97,
author="J.A. Castellanos and J.D. Tardos and G. Schmidt",
year="1997",
title="{B}uilding a global map of the environment of a robot: the importance of correlations",
booktitle="{P}roc. {I}EEE {C}onf. on {R}obotics and {A}utomation"}

@book{CerconeMcCalla87,
editor="Nick Cercone and Gordon McCalla",
year="1987",
title="{T}he {K}nowledge {F}rontier",
publisher="Springer-Verlag"}

@book{ChangLee73,
author="C.L. Chang and Richard C.-T. Lee",
year="1973",
title="{S}ymbolic {L}ogic and {M}echanical {T}heorem {P}roving",
publisher="Academic Press",
location="New York"}

@techreport{Chapman85,
author="David Chapman",
year="1985",
title="{P}lanning for conjunctive goals",
institution="MIT AI Lab",
number="802"}

@article{Chapman87,
author="David Chapman",
year="1987",
title="{P}lanning for conjunctive goals",
journal="{\it Artificial Intelligence }",
volume="32\rm(3)",
pages="333--377"}

@techreport{Chapman90,
author="David Chapman",
year="1990",
title="{V}ision, instruction, and action",
institution="MIT AI Lab",
number="1204"}

@article{Charniak81,
author="Eugene Charniak",
year="1981",
title="{A} common representation for problem-solving          and language-comprehension information",
journal="{\it Artificial Intelligence }",
volume="16",
number="3",
pages="225--255"}

@incollection{Charniak83,
author="Eugene Charniak",
year="1983",
title="{A} parser with something for everyone",
booktitle="{P}arsing {N}atural {L}anguage",
editor="Margaret King",
note="Academic Press"}

@techreport{Charniak83,
author="Eugene Charniak",
year="1983",
title="{T}he {F}rail/Nasl {R}eference {M}anual",
institution="Brown University Department of Computer Science",
number="83-06"}

@article{Charniak88,
author="Eugene Charniak",
year="1988",
title="{M}otivation analysis, abductive unification, and    nonmonotonic equality",
journal="{\it Artificial Intelligence }",
volume="34",
number="3",
pages="275--296"}

@book{CharniakMcDermott85,
author="Eugene Charniak and Drew McDermott",
year="1985",
title="{I}ntroduction to {A}rtificial    {I}ntelligence",
publisher="Addison-Wesley",
location="Reading, Mass."}

@book{CharniakEtal80,
author="Eugene Charniak and Christopher Riesbeck and Drew McDermott",
year="1980",
title="{A}rtificial {I}ntelligence {P}rogramming",
publisher="Lawrence Erlbaum Associates, Fis",
note="first edition"}

@book{CharniakEtal87,
author="Eugene Charniak and Christopher Riesbeck and Drew McDermott and James Meehan",
year="1987",
title="{A}rtificial {I}ntelligence {P}rogramming",
publisher="Lawrence Erlbaum Associates",
note="second edition"}

@inproceedings{ChatilaLaumond85,
author="Raja Chatila and J. Laumond",
year="1985",
title="{P}osition referencing and consistent world modeling for mobile robots",
booktitle="{P}roc. {I}EEE {I}nt. {C}onf. on {R}obotics and {A}utomation",
pages="138--170",
note="Washington, D.C.: IEEE Computer Society"}

@book{Chen90,
author="Su-shing Chen",
year="1990",
title="{A}dvances in Spatial Reasoning",
publisher="Ablex Publishing Corporation",
location="Norwood, NJ",
note="vol~1"}

@incollection{Clark78,
author="Keith L. Clark",
year="1978",
title="Negation as failure",
editor="H. Gallaire and J. Minker",
booktitle="{L}ogic and {D}atabases",
publisher="Plenum Press",
pages="293--322"}

@article{ClarkGregory85,
author="Keith Clark and Steve Gregory",
year="1985",
title="{N}otes on the implementation of {P}ARLOG",
journal="{\it J. Logic Programming }",
volume="1",
pages="17--42"}

@book{ClocksinMellish81,
author="W. Clocksin and C. Mellish",
year="1981",
title="{P}rogramming in {P}rolog",
publisher="Springer-Verlag"}

@book{Cohen85,
author="Paul R. Cohen",
year="1985",
title="{H}euristic {R}easoning about {U}ncertainty: {A}n {A}rtificial {I}ntelligence {A}pproach",
publisher="Pitman Advanced Publishing  Program"}

@inproceedings{Cohn83,
author="Anthony G. Cohn",
year="1983",
title="{I}mproving the expressiveness of many sorted logic",
booktitle="{P}roc. {A}AAI \bf 3",
pages="84--87"}

@article{Cohn84,
author="Anthony G. Cohn",
year="1984",
title="{A} note concerning the axiomatization of {S}chubert's steamroller in many sorted logic",
journal="{\it U. of Warwick Dept. of Computer Science Report}"}

@book{Colodny62,
editor="Robert G. Colodny",
year="1962",
title="{F}rontiers of {S}cience and {P}hilosophy",
publisher="NIL"}

@phdthesis{Collins87,
author="Gregg C. Collins",
year="1987",
title="{P}lan Creation: Using Strategies as Blueprints",
institution="Yale University"}

@techreport{Connell89,
author="Jonathan H. Connell",
year="1989",
title="{A} {C}olony {A}rchitecture for an {A}rtificial {C}reature",
institution="MIT AI Lab",
number="1151"}

@book{Connell90,
author="Jonathan H. Connell",
year="1990",
title="{M}inimalist {M}obile {R}obotics",
publisher="Academic Press",
location="Boston"}

@book{ConstableEtal86,
author="Robert L. Constable and S.F. Allen and H.M. Bromley and W.R. Cleaveland and J.F.  Cremer and R.W. Harper and D.J. Howe and T.B. Knoblock and N.P. Mendler and P. Panangaden and J.T. Sasaki and S.F. Smith",
year="1986",
title="{I}mplementing {M}athematics with the {N}uprl {P}roof {D}evelopment {S}ystem",
publisher="Prentice-Hall",
location="Englewood Cliffs"}

@book{Connell90,
author="Jonathan H. Connell",
year="1990",
title="{M}inimalist Mobile Robots",
publisher="Academic Press, Inc",
location="Boston"}

@article{CornuejolsNemhauser78,
author="G. Cornuejols and G.L. Nemhauser",
year="1978",
title="{T}ight bounds for {C}hristofides'  traveling salesman heuristic",
journal="{\it Mathematical Programming }",
volume="14",
pages="116--121"}

@inproceedings{CoxPietrzykowski80,
author="P.T. Cox and T. Pietrzykowski",
year="1980",
title="{A} complete, nonredundant algorithm for reversed skolemization",
booktitle="{P}roc. {C}onf. {A}utomatic {D}eduction, 5th, {L}es {A}rcs",
pages="374--385"}

@book{Craig86,
author="John J. Craig",
year="1986",
title="{I}ntroduction to Robotics: Mechanics and Control",
publisher="Addison-Wesley Publishing Company",
location="Reading, MA"}

@phdthesis{Cremer89,
author="James F. Cremer",
year="1989",
title="{A}n Architecture for General Purpose Physical System Simulation --- Integrating Geometry, Dynamics, and Control",
institution="Cornell University Department of Computer Science"}

@article{CurrieTate91,
author="Ken Currie and Austin Tate",
year="1991",
title="{O}-Plan: the open planning architecture",
journal="{\it Artificial Intelligence }",
volume="52",
number="1",
pages="49--86"}

@inproceedings{Davis83,
author="Ernest Davis",
year="1983",
title="{T}he {M}ERCATOR representation of spatial knowledge",
booktitle="{P}roc. {I}jcai \bf 8",
pages="295--301"}

@techreport{Davis84,
author="Ernest Davis",
year="1984",
title="{R}epresenting and {A}cquiring {G}eographic    {K}nowledge",
institution="Yale University Computer Science Department",
number="292"}

@techreport{Davis84,
author="Ernest Davis",
year="1984",
title="{A}n ontology for physical action",
institution="NYU Dept. of CS",
number="123"}

@techreport{Davis84,
author="Ernest Davis",
year="1984",
title="{A} high-level real-time programming language",
institution="NYU Dept. of CS",
number="145",
note="(Robotics Report~36)"}

@techreport{Davis86,
author="Ernest Davis",
year="1986",
title="{A} logical framework for solid object physics",
institution="NYU Dept. of CS",
number="245"}

@article{Davis87,
author="Ernest Davis",
year="1987",
title="{A} logical framework for commonsense prediction of solid object behavior",
journal="{\it Int. J. of AI and Eng.}"}

@book{Davis86,
author="Ernest Davis",
year="1986",
title="{R}epresenting and Acquiring Geographic    Knowledge",
publisher="Pitman Publishing"}

@techreport{Davis87,
author="Ernest Davis",
year="1987",
title="{I}nferring ignorance from the locality of visual perception",
institution="NYU Dept. of CS",
number="328"}

@inproceedings{Davis88,
author="Ernest Davis",
year="1988",
title="{E}rror correction in  large-scale cognitive maps",
booktitle="{P}roc. {S}PIE {W}orkshop on {S}ensor {F}usion:  {S}patial {R}easoning and {S}cene {I}nterpretation",
pages="332--337",
note="Boston, Mass"}

@book{Davis90,
author="Ernest Davis",
year="1990",
title="{R}epresentations of Commonsense Knowledge",
publisher="Morgan Kaufmann",
location="San Mateo, CA"}

@book{DavisLenat82,
author="Randall Davis and Douglas B. Lenat",
year="1982",
title="{K}nowledge-Based {S}ystems in {A}rtificial {I}ntelligence",
publisher="McGraw-Hill    International Book Company"}

@techreport{Dean85,
author="Thomas Dean",
year="1985",
title="{T}emporal {I}magery: {A}n {A}pproach to {R}easoning about {T}ime for {P}lanning and {P}roblem {S}olving",
institution="Yale Computer Science Department",
number="433"}

@article{Dean91,
author="Thomas Dean",
year="1991",
title="{D}ecision-theoretic control of inference for time-critical applications",
journal="{\it Int. J. of Intelligent Sys }",
volume="6\rm(4)",
pages="417--441"}

@inproceedings{DeanBoddy88,
author="Thomas Dean and Mark Boddy",
year="1988",
title="{A}n analysis of time-dependent planning",
booktitle="{P}roc. {A}AAI \bf 7",
pages="49--54"}

@techreport{DeanEtal87,
author="Thomas Dean and R. James Firby and David Miller",
year="1987",
title="{T}he {F}ORBIN {P}aper",
institution="Yale Computer Science Department",
number="550"}

@article{DeanEtal88,
author="Thomas Dean and R. James Firby and David Miller",
year="1988",
title="{H}ierarchical planning involving deadlines, travel time, and resources",
journal="{\it Computational Intelligence }",
volume="4",
pages="381--398"}

@article{DeanEtal95,
author="Thomas Dean and Leslie Pack Kaelbling and Jak Kirman and Ann Nicholson",
year="1995",
title="{P}lanning under time constraints in stochastic domains",
journal="{\it Artificial Intelligence }",
volume="76",
number="1--2",
pages="35--74"}

@inproceedings{DeanKanazawa88,
author="Thomas Dean and Keiji Kanazawa",
year="1988",
title="{P}robabilistic temporal reasoning",
booktitle="{P}roc. {A}AAI \bf 7",
pages="524--528"}

@article{DeanKanazawa89,
author="Thomas Dean and Keiji Kanazawa",
year="1989",
title="{A} model for reasoning about persistence and causation",
journal="{\it Computational Intelligence 3),}",
volume="5(\rm",
pages="142--150"}

@article{DeanMcDermott87,
author="Thomas Dean and Drew McDermott",
year="1987",
title="{T}emporal data base management",
journal="{\it Artificial Intelligence }",
volume="32",
number="1",
pages="1--55"}

@book{DeanWellman91,
author="Thomas Dean and Michael Wellman",
year="1991",
title="{P}lanning and {C}ontrol",
publisher="Morgan Kaufmann Publishers",
location="San Mateo"}

@article{deChampeaux86,
author="Dennis de Champeaux",
year="1986",
title="{S}ubproblem finder and instance checker: two cooperating modules for theorem provers",
journal="{\it JACM }",
volume="33",
number="4",
pages="633--657"}

@incollection{DeJong90,
author="Gerald F. DeJong",
year="1990",
title="Explanation-based control: An approach to reactive planning in continuous domains",
editor="Katia Sycara",
booktitle="{P}roceedings of the {W}orkshop on {I}nnovative {A}pproaches to {P}lanning, {S}cheduling, and {C}ontrol",
publisher="Morgan Kaufmann Publishers, Inc",
location="San Mateo",
pages="325--336"}

@techreport{deKleer75,
author="Johan deKleer",
year="1975",
title="{Q}ualitative and {Q}uantitative {R}easoning              in {C}lassical {M}echanics",
institution="MIT AI Laboratory",
number="352"}

@incollection{deKleer79,
author="Johan deKleer",
year="1979",
title="Qualitative and Quantitative Reasoning               in Classical Mechanics",
editor="Patrick H. Winston and Richard H. Brown",
booktitle="{A}rtificial {I}ntelligence: an {M}IT {P}erspective \bf 1",
publisher="MIT Press",
pages="11--30"}

@article{deKleer86,
author="Johan deKleer",
year="1986",
title="{T}hree papers on assumption-based truth maintenance",
journal="{\it Artificial Intelligence }",
volume="28",
pages="127--224"}

@article{deKleerBrown84,
author="Johan deKleer and J.S. Brown",
year="1984",
title="{A} qualitative physics based on    confluences",
journal="{\it Artificial Intelligence }",
volume="24",
note="7-83"}

@article{deKleerEtal77,
author="Johan deKleer and Jon Doyle and Guy L. Steele and Gerald J.~Sussman",
year="1977",
title="{E}xplicit control of reasoning",
journal="{\it SIGPLAN Notices }",
volume="12",
number="8"}

@incollection{DeNicola83,
author="Daniel R. DeNicola",
year="1983",
title="Supererogation: Artistry in conduct",
editor="Leroy S. Rouner",
booktitle="{F}oundations of {E}thics",
publisher="University of Notre Dame Press",
location="Notre Dame",
pages="149--164"}

@incollection{Dennett78,
author="Daniel Dennett",
year="1978",
title="{T}oward a cognitive theory of consciousness",
booktitle="{P}erception and {C}ognition: {I}ssues in the {F}oundation of {P}sychology, {M}inn. {S}tudies in the {P}hil. of {S}ci. \bf 9",
editor="C. Wade Savage",
pages="149--173",
note="Also in Dennett 1981"}

@book{Dennett81,
author="Daniel Dennett",
year="1981",
title="{B}rainstorms",
publisher="Bradford Books, MIT Press",
location="Cambridge, Mass."}

@book{Dennett91,
author="Daniel Dennett",
year="1991",
title="{C}onsciousness {E}xplained",
publisher="Little, Brown and Company",
location="Boston"}

@book{Dijkstra76,
author="Edsger W. Dijkstra",
year="1976",
title="{D}iscipline of programming",
publisher="Prentice-Hall",
location="Englewood Cliffs, NJ"}

@inproceedings{Digricoli85,
author="Vincent J. Digricoli",
year="1985",
title="{T}he management of heuristic search in boolean experiments with {R}UE resolution",
booktitle="{P}roc. {I}jcai \bf 9",
pages="1154--1161"}

@article{DigricoliHarrison86,
author="Vincent J. Digricoli and Malcolm C. Harrison",
year="1986",
title="{E}quality-based binary resolution",
journal="{\it JACM }",
volume="33",
number="2",
pages="253--289"}

@book{Donner87,
author="Marc Donner",
year="1987",
title="{R}eal-time control of walking",
publisher="Birkh{\"a}user",
location="Boston"}

@article{DowneyEtal80,
author="Peter J. Downey and Ravi Sethi and Robert Tarjan",
year="1980",
title="{V}ariations on the common subexpression problem",
journal="{\it JACM }",
volume="27",
number="4",
pages="758--771"}

@article{Doyle79,
author="Jon Doyle",
year="1979",
title="{A} truth maintenance system",
journal="{\it Artificial Intelligence }",
volume="12",
number="3",
pages="231--272"}

@inproceedings{DrummondBresina90,
author="Mark Drummond and John Bresina",
year="1990",
title="{A}nytime synthetic projection: maximizing the probability of goal satisfaction",
booktitle="{P}roc. {A}AAI \bf 8",
pages="138--144"}

@techreport{Duchier91,
author="Denys Duchier",
year="1991",
title="{L}ogiCalc: {A}n {E}nvironment for {I}nteractive {P}roof {D}evelopment",
institution="Yale CS Department Tecnical",
number="862"}

@book{ElcockMichie77,
author="E. Elcock and D. Michie",
year="1977",
title="{M}achine {I}ntelligence \bf 8",
publisher="Ellis Horwood",
location="Edinburgh"}

@article{Elfes87,
author="Alberto Elfes",
year="1987",
title="{S}onar-based real-world mapping and navigation",
journal="{\it IEEE J. of Robotics and Automation }",
volume="3",
number="3",
pages="249--266"}

@article{Elfes89,
author="Alberto Elfes",
year="1989",
title="{U}sing occupancy grids for mobile robot perception and navigation",
journal="{\it IEEE Computer}",
pages="46--58",
note="special issue on Autonomous Intelligent Machines, June"}

@article{Elfes89b,
author="Alberto Elfes",
year="1989",
title="{U}sing occupancy grids for mobile robot perception and navigation",
journal="{\it Computer }",
volume="22",
number="6",
pages="46--57"}

@article{Elkan90,
author="Charles Elkan",
year="1990",
title="{A} rational reconstruction of nonmonotonic truth maintenance systems",
journal="{\it Artificial Intelligence }",
volume="43",
number="2",
pages="219--234"}

@inproceedings{ElliotLesk82,
author="R.J.~Elliot and M.E.~Lesk",
year="1982",
title="{R}oute finding in street maps    by computers and people",
booktitle="{P}roc. {A}AAI \bf 2",
pages="258--261"}

@inproceedings{Engelson90,
author="Sean Engelson",
year="1990",
title="{P}erceptual integration of  piloting and navigation",
booktitle="{P}roc. {I}EEE {S}ymp. on {I}ntelligent {C}ontrol"}

@techreport{Engelson94,
author="Sean Engelson",
year="1994",
title="{P}assive {M}ap {L}earning and {V}isual {P}lace {R}ecognition",
institution="Yale Computer Science Department",
number="1032"}

@techreport{EngelsonBertani92,
author="Sean P. Engelson and Niklas Bertani",
year="1992",
title="{A}rs {M}agna: the abstract robot simulator manual",
institution="Yale Computer Science Department",
number="928"}

@inproceedings{EngelsonMcDermott91,
author="Sean~P. Engelson and Drew~V. Mc{D}ermott",
year="1991",
title="{I}mage signatures for place recognition and map construction",
booktitle="{P}roceedings of {{S}PIE} {S}ymposium on {I}ntelligent {R}obotic   {S}ystems, {S}ensor {F}usion {{I}V}"}

@inproceedings{EngelsonMcDermott92,
author="Sean P. Engelson and Drew~V. McDermott",
year="1992",
title="{E}rror correction in mobile robot map learning",
booktitle="{P}roc. {I}EEE {C}onf. on {R}obotics and {A}utomation",
pages="2555--2560"}

@book{ErnstNewell69,
author="George W. Ernst and Allen Newell",
year="1969",
title="{G}PS: A Case Study in Generality and Problem Solving",
publisher="Academic Press"}

@incollection{ErolEtal95,
author="Kutluhan Erol and Dana Nau and V.S. Subrahmanian",
year="1995",
title="Complexity, Decidability and Undecidability Results for Domain-Independent Planning",
editor="Drew McDermott and James Hendler",
booktitle="{A}rtificial {I}ntelligence { \bf 76},  {S}pecial {I}ssue on {P}lanning and {S}cheduling",
publisher="NIL",
pages="75--88"}

@book{Even79,
author="Shimon Even",
year="1979",
title="{G}raph {A}lgorithms",
publisher="Computer science Press",
location="Potomac, MD"}

@article{EtheringtonEtal85,
author="David W. Etherington and Robert E. Mercer and Raymond Reiter",
year="1985",
title="{O}n the adequacy of predicate circumscription for closed-world reasoning",
journal="{\it Computational Intelligence }",
volume="1",
number="1",
pages="11--15"}

@book{Fahlman79,
author="Scott Fahlman",
year="1979",
title="{N}ETL: {A} {S}ystem for {R}epresenting and {U}sing       {R}eal-World {K}nowledge",
publisher="The MIT Press",
location="Cambridge, Mass."}

@techreport{Faltings87,
author="Boi Faltings",
year="1987",
title="{Q}ualitative {P}lace {V}ocabularies for {M}echanisms in {C}onfiguration {S}pace",
institution="Univ. of Illinois CS Department",
number="87-1360"}

@article{Faltings90,
author="Boi Faltings",
year="1990",
title="{Q}ualitative kinematics in mechanisms",
journal="{\it Artificial Intelligence }",
volume="44",
number="s",
pages="89--119",
note="1--2"}

@book{FamiliEtal92,
author="A. Famili and Dana S. Nau and Steven H. Kim",
year="1992",
title="{A}rtificial {I}ntelligence {A}pplications in {M}anufacturing",
publisher="The AAAI Press",
location="Menlo Park, CA"}

@book{FeigenbaumFeldman63,
editor="Edward A. Feigenbaum and Julian Feldman",
year="1963",
title="{C}omputers and {T}hought",
publisher="McGraw-Hill Book Company, Inc",
location="New York"}

@inproceedings{Feigenbaum77,
author="Edward A. Feigenbaum",
year="1977",
title="{T}he art of artificial intelligence: {I}. {T}hemes and case studies of knowledge engineering",
booktitle="{P}roc. {I}jcai \bf 5",
pages="1014--1029"}

@book{FeiglEtal58,
author="Herbert Feigl and Michael Scriven and Grover Maxwell",
year="1958",
title="{C}oncepts,  {T}heories, and the {M}ind-Body {P}roblem",
publisher="Minnesota Studies in the Philosophy  of Science II.  University of Minnesota Press"}

@techreport{FeldmanSproull77,
author="Jerome Feldman and Robert F. Sproull",
year="1977",
title="{D}ecision theory and artificial    intelligence {I}I: the hungry monkey",
institution="University of Rochester Department of Computer Science",
note=""}

@book{Feller70,
author="William Feller",
year="1970",
title="{A}n {I}ntroduction to {P}robability {T}heory and {I}ts {A}pplications, {V}ol. {I}",
publisher="John Wiley \& Sons",
location="New York",
note="(Third edition)"}

@inproceedings{FennemaEtal89,
author="Claude Fennema and Allan Hanson and Edward Riseman",
year="1989",
title="{T}owards autonomous  mobile robot navigation",
booktitle="{P}roc. {I}mage {U}nderstanding {W}orkshop",
note="Palo Alto. Morgan Kaufmann Publishers Inc"}

@article{FikesEtal72,
author="Richard Fikes and Peter E. Hart and Nils J. Nilsson",
year="1972",
title="{L}earning and executing generalized robot plans",
journal="{\it Artificial Intelligence }",
volume="3",
number="4",
pages="349--371"}

@article{FikesNilsson71,
author="Richard Fikes and Nils J. Nilsson",
year="1971",
title="{S}TRIPS: {A} new approach to the application          of theorem proving to problem solving",
journal="{\it Artificial Intelligence 2}",
pages="189--208"}

@phdthesis{Finger87,
author="Jeffrey J. Finger",
year="1987",
title="{E}xploiting Constraints in Design {S}ynthesis",
institution="Stanford U"}

@techreport{FinkVeloso94,
author="Eugene Fink and Manuela Veloso",
year="1994",
title="{P}rodigy planning algorithm",
institution="CMU School of Computer Science",
number="94-123"}

@inproceedings{Firby87,
author="R.J. Firby",
year="1987",
title="{A}n investigation into reactive planning in complex domains",
booktitle="{P}roc. {A}AAI \bf 6",
pages="202--206"}

@techreport{Firby89,
author="R.J. Firby",
year="1989",
title="{A}daptive Execution in Complex Dynamic Worlds",
institution="Yale University CS Dept",
number="672"}

@inproceedings{Firby94,
author="R.J. Firby",
year="1994",
title="{T}ask networks for controlling continuous processes",
booktitle="{P}roc. {I}nt. {C}onf. on {A}I {P}lanning {S}ystems \bf 2",
pages="49--54"}

@inproceedings{FirbyEtal85,
author="R.J. Firby and Tom Dean and David Miller",
year="1985",
title="{E}fficient robot planning with deadlines and travel time",
booktitle="{P}roc. {I}nternational             {S}ymposium on {R}obotics and {A}utomation,             {I}ASTED \bf 6"}

@techreport{FirbyHanks87,
author="R.J. Firby and Steve Hanks",
year="1987",
title="{T}he simulator manual",
institution="Yale Computer Science Department",
number="563"}

@inproceedings{FirbyHanks87,
author="R.J. Firby and Steve Hanks",
year="1987",
title="{A} simulator for mobile robot planning",
booktitle="{P}roc. {D}ARPA {K}nowledge-Based {P}lanning {W}orkshop",
pages="23--31"}

@incollection{FirbyMcDermott87,
author="R.J. Firby and Drew McDermott",
year="1987",
title="Representing and solving temporal planning problems",
editor="Nick Cercone and Gordon McCalla",
booktitle="{T}he {K}nowledge {F}rontier",
publisher="Springer-Verlag",
pages="353--413"}

@book{FischlerFirschein87,
author="Martin A. Fischler and Oscar Firschein",
year="1987",
title="{R}eadings in Computer Vision: Issues, Problems, Principles, and Paradigms",
publisher="Morgan Kaufmann Publishers, Inc",
location="Los Altos, CA"}

@book{Fodor75,
author="Jerry Fodor",
year="1975",
title="{T}he {L}anguage of {T}hought",
publisher="Thomas Y. Crowell Company",
location="New York"}

@article{Fodor78,
author="Jerry Fodor",
year="1978",
title="{T}om {S}wift and his procedural grandmother",
journal="{\it Cognition }",
volume="6",
pages="204--224",
note="Also in Fodor 1981"}

@article{Fodor80,
author="Jerry Fodor",
year="1980",
title="{M}ethodological solipsism considered as a research strategy in cognitive psychology",
journal="{\it Behavioral and Brain Sciences }",
volume="",
number="1",
pages="225--253",
note="Also in Fodor 1981"}

@book{Fodor81,
author="Jerry Fodor",
year="1981",
title="{R}epresentations",
publisher="Bradford Books, MIT Press",
location="Cambridge, Mass."}

@book{Fodor83,
author="Jerry Fodor",
year="1983",
title="{T}he {M}odularity of {M}ind",
publisher="MIT Press",
location="Cambridge, Mass"}

@book{Fodor88,
author="Jerry Fodor",
year="1988",
title="{P}sychsemantics: {T}he {P}roblem of {M}eaning in the {P}hilosophy of {M}ind",
publisher="MIT Press/Bradford Books",
location="Cambridge, Mass."}

@article{Forbus84,
author="Kenneth Forbus",
year="1984",
title="{Q}ualitative process theory",
journal="{\it Artificial Intelligence }",
volume="24",
pages="85--168"}

@techreport{ForbusEtal87,
author="Kenneth Forbus and Paul Nielsen and Boi Flatings",
year="1987",
title="{Q}ualitative kinematics: a framework",
institution="University of Illinois CS Department",
number="87-1352",
note="Also in {\it Proc. Ijcai \bf 10}"}

@article{FoxSmith84,
author="Mark S. Fox and Stephen F. Smith",
year="1984",
title="{I}SIS: a knowledge-based system for factory scheduling",
journal="{\it Expert Systems }",
volume="1",
number="1",
pages="25--49"}

@techreport{Funt76,
author="Brian V. Funt",
year="1976",
title="{W}HISPER: {A} {C}omputer {I}mplementation             {U}sing {A}nalogues in {R}easoning, {U}. of {B}ritish {C}olumbia {D}ept",
institution="of             Computer Science",
number="76-09"}

@incollection{Funt87,
author="Brian V. Funt",
year="1987",
title="Analogical modes of reasoning and process modelling",
editor="Nick Cercone and Gordon McCalla",
booktitle="{T}he {K}nowledge {F}rontier",
publisher="Springer-Verlag",
pages="414--428"}

@book{GallaireMinker78,
author="H. Gallaire and J. Minker",
year="1978",
title="{L}ogic and {D}atabases",
publisher="Plenum Press"}

@article{GardinMeltzer89,
author="Francesco Gardin and Bernard Meltzer",
year="1989",
title="{A}nalogical representations of naive physics",
journal="{\it Artificial Intelligence }",
volume="38",
number="2",
pages="139--159"}

@techreport{Gat91,
author="Erann Gat",
year="1991",
title="{R}eliable Goal-directed Reactive Control of Autonomous Mobile Robots",
institution="Unpublished Ph.D. dissertation, Virginia Polytechnic Institute.  Internal JPL",
note="."}

@book{Gelernter94,
author="David H. Gelernter",
year="1994",
title="{T}he {M}use in the {M}achine",
publisher="Free Press",
location="New York"}

@inproceedings{Gelsey87,
author="Andrew Gelsey",
year="1987",
title="{A}utomated reasoning about machine geometry and kinematics",
booktitle="{P}roc. {I}EEE {C}onf. on {A}I {A}pplications \bf 3",
note="Orlando, Florida, February"}

@techreport{Gelsey90,
author="Andrew Gelsey",
year="1990",
title="{A}utomated reasoning about machines",
institution="Yale Computer Science Department",
number="785"}

@inproceedings{Gelsey91,
author="Andrew Gelsey",
year="1991",
title="{T}he use of intelligently controlled simulation to predict a machine's long-term behavior",
booktitle="{P}roc. {A}AAI \bf 9"}

@article{Gelsey95,
author="Andrew Gelsey",
year="1995",
title="{A}utomated reasoning about machines",
journal="{\it Artificial Intelligence }",
volume="74",
number="1",
pages="1--53"}

@techreport{GelseyMcDermott88,
author="Andrew Gelsey and Drew McDermott",
year="1988",
title="{S}patial reasoning about mechanisms",
institution="Yale CS Department",
number="641"}

@incollection{GelseyMcDermott90,
author="Andrew Gelsey and Drew McDermott",
year="1990",
title="Spatial reasoning about mechanisms",
editor="Su-shing Chen",
booktitle="{A}dvances in Spatial Reasoning",
publisher="Ablex Publishing Corporation",
location="Norwood, NJ",
pages="1--33"}

@article{GemanGeman84,
author="Stuart Geman and Donald Geman",
year="1984",
title="{S}tochastic relaxation, {G}ibbs distributions, and the {B}ayesian restoration of images",
journal="{\it IEEE PAMI }",
volume="6",
pages="721--741"}

@inproceedings{Genesereth83,
author="Michael R. Genesereth",
year="1983",
title="{A}n overview of meta-Level                architecture",
booktitle="{P}roc. {A}AAI \bf 3",
pages="119--124"}

@article{Genesereth84,
author="Michael R. Genesereth",
year="1984",
title="{T}he use of design descriptions in automated diagnosis",
journal="{\it Artificial Intelligence }",
volume="24",
pages="411--436"}

@book{GeneserethNilsson87,
author="Michael R. Genesereth and Nils Nilsson",
year="1987",
title="{T}he Logical Foundations of Artificial Intelligence",
publisher="Morgan Kaufmann",
location="Los Altos, CA"}

@inproceedings{GeorgeffLansky86,
author="Michael Georgeff and Amy Lansky",
year="1986",
title="{P}rocedural knowledge",
booktitle="{P}roc. {I}EEE {S}pecial {I}ssue on {K}nowledge {R}epresentation \bf 74\rm(10)",
pages="1383--1398"}

@inproceedings{GeorgeffLansky87,
author="Michael Georgeff and Amy Lansky",
year="1987",
title="{R}eactive reasoning and planning",
booktitle="{P}roc. {A}AAI \bf 7",
pages="677--682"}

@article{GereviniSchubert96,
author="Alfonso Gerevini and Lenhart K. Schubert",
year="1996",
title="{A}ccelerating partial-order planners: some techniques for effective search control and  pruning",
journal="{\it J. of Art. Intell. Res }",
volume="5",
pages="95--137"}

@incollection{Ginsberg86,
author="Matthew L. Ginsberg",
year="1986",
title="Possible-worlds planning",
editor="Amy L. Lansky and Michael P. Georgeff",
booktitle="{P}roc. of the Workshop on Planning and Reasoning about Action",
publisher="Published by SRI AI Center",
pages="290--317"}

@techreport{Ginsberg87,
author="Matthew L. Ginsberg",
year="1987",
title="{M}ulti-valued logics {I}: formal description",
institution="Unpublished Stanford",
note=""}

@techreport{Ginsberg87,
author="Matthew L. Ginsberg",
year="1987",
title="{M}ulti-valued logics {I}I: inference",
institution="Unpublished Stanford",
note=""}

@techreport{Ginsberg87,
author="Matthew L. Ginsberg",
year="1987",
title="{M}ulti-valued logics {I}II: applications",
institution="Unpublished Stanford",
note=""}

@techreport{Ginsberg87,
author="Matthew L. Ginsberg",
year="1987",
title="{A} circumscriptive theorem prover",
institution="Stanford Logic Group",
number="87-8"}

@book{Ginsberg87,
editor="Matthew L. Ginsberg",
year="1987",
title="{R}eadings in Nonmonotonic Reasoning",
publisher="Morgan Kaufmann Publishers, Inc",
location="Los Altos, CA"}

@article{GinsbergSmith88,
author="M.L. Ginsberg and D.E. Smith",
year="1988",
title="{R}easoning about action {I}: a possible-worlds approach",
journal="{\it Artificialin Inteligence }",
volume="35",
number="2",
pages="165--196"}

@article{GinsbergSmith88,
author="M.L. Ginsberg and D.E. Smith",
year="1988",
title="{R}easoning about action {I}I: the qualification problem",
journal="{\it Artificialin Inteligence }",
volume="35",
number="3",
pages="311--342"}

@inproceedings{Gloess80,
author="P.Y. Gloess",
year="1980",
title="{A}n experiment with the {B}oyer-Moore theorem prover: a proof of the correctness of a simple parser of expressions",
booktitle="{P}roc. {C}onf. on {A}utomatic {D}eduction, 5th, {L}es {A}rcs",
pages="154--169",
note="Berlin: Springer-Verlag"}

@phdthesis{Goodwin87,
author="James W. Goodwin",
year="1987",
title="{A} {T}heory and {S}ystem for {N}on-Monotonic {R}easoning",
institution="Link{\"o}ping Studies in Science and Technology; No.~165, Department of Computer and Information Science, Link{\"o}ping University"}

@book{GordonEtal79,
author="Michael Gordon and R. Milner and Christopher Wadsworth",
year="1979",
title="{E}dinburgh {L}CF: {A} {M}echanized {L}ogic of {C}omputation",
publisher="Springer-Verlag",
location="New York",
note="{\it Lecture Notes in Computer Science \bf 78}"}

@phdthesis{Green69,
author="Cordell Green",
year="1969",
title="{T}he Application of Theorem Proving to Question-answering Systems",
institution="Stanford University published by Garland in 1980"}

@inproceedings{GuptaNau91,
author="Naresh Gupta and Dana Nau",
year="1991",
title="{C}omplexity results for blocks-world planning",
booktitle="{P}roc. {A}AAI \bf 9",
pages="629--633"}

@inproceedings{Haddawy90,
author="Peter Haddawy",
year="1990",
title="{T}ime, chance, and action",
booktitle="{P}roc. {S}ixth {C}onf. on {U}ncertainty in {A}rtificial {I}ntelligence",
pages="147--154"}

@inproceedings{HagerRasmussen96,
author="Gregory D. Hager and Christopher Rasmussen",
year="1996",
title="{R}obot navigation using image sequences",
booktitle="{P}roc.  {A}AAI {C}onference on {A}rtificial {I}ntelligence",
pages="938--943"}

@book{Haining78,
author="Robert P. Haining",
year="1978",
title="{S}pecification and {E}stimation {P}roblems in {M}odels of {S}patial {D}ependence",
publisher="Northwestern University Department of Geography",
note="Northwestern University Studies in Geography {\bf 24}"}

@book{Hammond88,
author="Kristian Hammond",
year="1988",
title="{C}ase-based Planning: An Integrated Theory of Planning, Learning, and Memory",
publisher="Academic Press",
location="New York"}

@article{Hammond90,
author="Kris Hammond",
year="1990",
title="{E}xplaining and repairing plans that fail",
journal="{\it Artificial Intelligence }",
volume="45",
number="1--2",
pages="173--228"}

@inproceedings{HammondEtal90,
author="Kristian Hammond and Timothy Converse and Charles Martin",
year="1990",
title="{I}ntegrating planning and acting in a case-based framework",
booktitle="{P}roc. {A}AAI \bf 8",
pages="292--297"}

@misc{Hanks87,
author="Steven Hanks",
year="1987",
title=" Temporal reasoning about uncertain worlds",
note="AAAI Workshop  on Reasoning about Uncertainty"}

@techreport{Hanks90,
author="Steven Hanks",
year="1990",
title="{P}rojecting Plans for Uncertain Worlds",
institution="Yale  Yale Computer Science Department",
number="756"}

@inproceedings{Hanks90a,
author="Steven Hanks",
year="1990",
title="{P}ractical temporal projection",
booktitle="{P}roc. {A}AAI \bf 8",
pages="158--163"}

@techreport{HanksBadr91,
author="Steven Hanks and Badr Al Badr",
year="1991",
title="{C}ritiquing the tileworld: agent architectures, planning benchmarks, and experimental methodology",
institution="University of Washington Computer Science and Engineering Department",
number="91-10-31"}

@techreport{HanksMcDermott85,
author="Steven Hanks and Drew McDermott",
year="1985",
title="{T}emporal reasoning and default logics",
institution="Yale Computer Science Department",
number="430"}

@inproceedings{HanksMcDermott86,
author="Steven Hanks and Drew McDermott",
year="1986",
title="{D}efault reasoning",
booktitle="{P}roc. {A}AAI \bf 5",
pages="328--333",
note="nonmonotonic logics, and the frame problem"}

@article{HanksMcDermott87,
author="Steven Hanks and Drew McDermott",
year="1987",
title="{N}onmonotonic logic and temporal  projection",
journal="{\it Artificial Inteligence }",
volume="33",
number="3",
pages="379--412"}

@article{HanksMcDermott94,
author="Steven Hanks and Drew McDermott",
year="1994",
title="{M}odeling a dynamic and uncertain world {I}: symbolic and probabilistic reasoning about change",
journal="{\it Artificial Intelligence }",
volume="66",
number="1",
pages="1--55"}

@article{HanksEtal93,
author="Steven Hanks and Martha Pollack and Paul Cohen",
year="1993",
title="{B}enchmarks, testbeds, controlled experimentation, and the design of agent architectures",
journal="{\it AI Magazine.}",
note="Submitted to"}

@incollection{HanksWeld92,
author="Steven Hanks and Daniel Weld",
year="1992",
title="Systematic adaptation for case-based planning",
editor="James Hendler",
booktitle="{P}roceedings of the {F}irst {I}nternational {C}onf. on {A}I {P}lanning {S}ystems",
publisher="NIL",
pages="96--105"}

@book{Harman86,
author="Gilbert Harman",
year="1986",
title="{C}hange in {V}iew",
publisher="Bradford Books, MIT Press",
location="Cambridge, Mass."}

@article{HartEtal68,
author="Peter E. Hart and Nils J. Nilsson and Bertram Raphael",
year="1968",
title="{A} formal basis for the heuristic determination 	 of minimum cost paths",
journal="{\it IEEE Trans. on Sys. Science and Cybernetics }",
volume="SSC-4(2)",
pages="100--107"}

@inproceedings{HarveyGinsberg95,
author="William D. Harvey and Matthew L. Ginsberg",
year="1995",
title="{L}imited discrepancy search",
booktitle="{P}roc. {I}jcai95",
pages="607--613"}

@book{Haugeland85,
author="John Haugeland",
year="1985",
title="{A}rtificial {I}ntelligence: {T}he {V}ery {I}dea",
publisher="The MIT Press",
location="Cambridge, Mass."}

@incollection{Haugeland87,
author="John Haugeland",
year="1987",
title=" An overview of the frame problem",
editor="Zenon Pylyshyn",
booktitle="{T}he {R}obot's {D}ilemma: {T}he {F}rame {P}roblem and {O}ther {P}roblems of {H}olism in {A}rtificial {I}ntelligence",
publisher="Ablex Publishing Co",
location="Norwood, N.J.",
note="."}

@article{Haussler88,
author="David Haussler",
year="1988",
title="{Q}uantifying inductive bias: {A}I learning algorithms and {V}aliant's learning framework",
journal="{\it Artificial Intelligence { }(2)}",
volume="36",
pages="177--222"}

@book{HayesEtal82,
author="J.E. Hayes and Donald Michie and Y-H Pao",
year="1982",
title="{M}achine {I}ntelligence 10",
publisher="Ellis Horwood",
location="Chichester"}

@incollection{Hayes85,
author="Patrick Hayes",
year="1985",
title="The second naive physics manifesto",
editor="Jerry Hobbs and Robert C. Moore",
booktitle="{F}ormal Theories of the Commonsense World",
publisher="Ablex Publishing Corporation",
pages="1--36"}

@incollection{Hayes85,
author="Patrick Hayes",
year="1985",
title="Naive physics I: ontology for liquids",
editor="Jerry Hobbs and Robert C. Moore",
booktitle="{F}ormal Theories of the Commonsense World",
publisher="Ablex Publishing Corporation",
pages="71--107"}

@article{HellersteinShapiro86,
author="Lisa Hellerstein and Ehud Shapiro",
year="1986",
title="{I}mplementing parallel algorithms in {C}oncurrent {P}rolog:  the {M}AXFLOW experience",
journal="{\it J. Logic Programming }",
volume="2",
pages="157--184"}

@article{Hempel62,
author="Carl G. Hempel",
year="1962",
title="{D}eductive-nomological vs",
journal="{\it Minnesota Studies in the Philosophy of Science }",
volume="3",
pages="98--169",
note="statistical explanation"}

@incollection{Hempel62b,
author="Carl G. Hempel",
year="1962",
title=" Explanation in science and history",
editor="Robert G. Colodny",
booktitle="{F}rontiers of {S}cience and {P}hilosophy",
publisher="NIL",
note=",   p. 10"}

@book{Hempel65,
author="Carl G. Hempel",
year="1965",
title="{A}spects of {S}cientific {E}xplanation",
publisher="Free Press",
location="New York"}

@article{HempelOppenheim48,
author="Carl G. Hempel and Paul Oppenheim",
year="1948",
title="{S}tudies in the logic of explanation",
journal="{\it Phil. of Science }",
volume="15",
pages="135--75"}

@book{Hendler92,
editor="James Hendler",
year="1992",
title="{P}roceedings of the {F}irst {I}nternational {C}onf. on {A}I {P}lanning {S}ystems",
publisher="NIL"}

@incollection{HendlerAgrawala90,
author="James Hendler and Ashok Agrawala",
year="1990",
title="Mission critical planning: AI on the MARUTI real-time operating system",
editor="Katia Sycara",
booktitle="{P}roceedings of the {W}orkshop on {I}nnovative {A}pproaches to {P}lanning, {S}cheduling, and {C}ontrol",
publisher="Morgan Kaufmann Publishers, Inc",
location="San Mateo",
pages="77--84"}

@article{HendlerEtal90,
author="James Hendler and Austin Tate and Mark Drummond",
year="1990",
title="{A}I planning: systems and techniques",
journal="{\it AI Magazine }",
volume="11",
number="2",
pages="61--77"}

@inproceedings{Hewitt69,
author="Carl Hewitt",
year="1969",
title="{P}LANNER: a language for proving                theorems in robots",
booktitle="{P}roc. {I}JCAI \bf 1",
pages="295--301",
note="(Washington, D.C.)"}

@inproceedings{Hewitt71,
author="Carl Hewitt",
year="1971",
title="{P}rocedural {E}mbedding of {K}nowledge in {P}lanner",
booktitle="{P}roc. {I}JCAI \bf 2",
note="(London)"}

@book{Hillis85,
author="W. Daniel Hillis",
year="1985",
title="{T}he {C}onnection {M}achine",
publisher="The MIT Press",
location="Cambridge"}

@article{Hobbs85,
author="Jerry Hobbs",
year="1985",
title="{C}ommonsense summer: final report",
journal="{\it SRI AI Center Report}"}

@book{HobbsMoore85,
editor="Jerry Hobbs and Robert C. Moore",
year="1985",
title="{F}ormal Theories of the Commonsense World",
publisher="Ablex Publishing Corporation"}

@article{HoffmanHopcroft87,
author="Christoph M. Hoffman and John E. Hopcroft",
year="1987",
title="{S}imulation of physical systems from geometric models",
journal="{\it IEEE J. of Robotics and Automation }",
volume="3",
number="3",
pages="194--206"}

@inproceedings{HongEtal91,
author="Jiawei Hong and Xianan Tan and Brian Pinette and Richard Weiss and Edward M. Riseman",
year="1991",
title="{I}mage-based homing",
booktitle="{P}roc. {I}EEE {C}onf. on {R}obotics and {A}utomation",
pages="620--625"}

@article{HopcroftWilfong86,
author="John Hopcroft and Gordon Wilfong",
year="1986",
title="{M}otion of objects in contact",
journal="{\it Int. J. of Robotics Research }",
volume="4",
number="4",
pages="32--46"}

@phdthesis{Horswill93,
author="Ian Horswill",
year="1993",
title="{S}pecialization of {P}erceptual {P}rocesses",
institution="MIT AI Lab"}

@inproceedings{HorswillBrooks88,
author="Ian Horswill and Rodney Brooks",
year="1988",
title="{S}ituated vision in a dynamic environment: chasing objects",
booktitle="{P}roc. {A}AAI \bf 7"}

@inproceedings{Horvitz88,
author="Eric Horvitz",
year="1988",
title="{R}easoning under varying and uncertain resource constraints",
booktitle="{P}roc. {A}AAI \bf 7",
pages="111--116"}

@inproceedings{Horvitz89,
author="Eric Horvitz",
year="1989",
title="{R}ational metareasoning and compilation for optimizing decisions under bounded resources",
booktitle="{P}roc. {C}omputational {I}ntel. 89"}

@inproceedings{HorvitzEtal89,
author="Eric Horvitz and G.F. Cooper and D.E. Heckerman",
year="1989",
title="{R}eflection and action under scarce resources: theoretical principles and empirical study",
booktitle="{P}roc. {I}jcai \bf 11",
pages="1121--1127"}

@incollection{IngrandGeorgeff90,
author="Francois Felix Ingrand and Michael P. Georgeff",
year="1990",
title="Managing deliberation and reasoning in real-time AI systems",
editor="Katia Sycara",
booktitle="{P}roceedings of the {W}orkshop on {I}nnovative {A}pproaches to {P}lanning, {S}cheduling, and {C}ontrol",
publisher="Morgan Kaufmann Publishers, Inc",
location="San Mateo",
pages="284--291"}

@inproceedings{Israel80,
author="David Israel",
year="1980",
title="{W}hat's wrong with non-monotonic logic",
booktitle="{P}roc. {A}AAI \bf 1",
pages="99--101"}

@article{Jackson82,
author="Frank Jackson",
year="1982",
title="{E}piphenomenal qualia",
journal="{\it Phil. Quart }",
volume="32",
pages="127--136"}

@misc{Johnson74,
author="Lynwood Johnson",
year="1974",
title=" Operations Research in Planning and Scheduling",
note="New York: John Wiley and Sons"}

@book{Johnson-Laird83,
author="Philip N. Johnson-Laird",
year="1983",
title="{M}ental {M}odels",
publisher="Harvard  University Press",
location="Cambridge, MA"}

@inproceedings{Joskowicz87,
author="Leo Joskowicz",
year="1987",
title="{S}hape and function in mechanical devices",
booktitle="{P}roc. {A}AAI \bf 6",
pages="611--615"}

@techreport{Joskowicz88,
author="Leo Joskowicz",
year="1988",
title="{R}easoning about Shape and Kinematic Function in Mechanical Devices",
institution="Courant Institute of Mathematical Sciences",
number="402;",
note="NYU Robotics Report 173"}

@inproceedings{JoslinPollack95,
author="David Joslin and Martha Pollack",
year="1995",
title="{P}assive and active decision postponement in plan generation",
booktitle="{P}roc. 3rd {E}uropean {W}orkshop on {P}lanning"}

@incollection{Kaelbling87,
author="Leslie Pack Kaelbling",
year="1987",
title="{A}n architecture for intelligent reactive systems",
booktitle="{R}easoning about {P}lans and {A}ctions",
editor="Michael Georgeff and Amy Lansky",
pages="395--410",
note="Morgan Kaufmann"}

@inproceedings{Kaelbling88,
author="Leslie Pack Kaelbling",
year="1988",
title="{G}oals as parallel program specifications",
booktitle="{P}roc. {A}AAI \bf 7",
pages="60--65"}

@techreport{Kaelbling90,
author="Leslie Pack Kaelbling",
year="1990",
title="{L}earning in {E}mbedded {S}ystems",
institution="Stanford University Ph.D. thesis.  Teleos Research",
number="90-04"}

@incollection{KaelblingRosenschein90,
author="Leslie Pack Kaelbling and Stanley J. Rosenschein",
year="1990",
title="Action and planning in embedded agents",
editor="Patti Maes",
booktitle="{N}ew Architectures for Autonomous Agents: Task-level Decomposition and Emergent Functionality",
publisher="MIT Press",
location="Cambridge",
pages="35--48"}

@techreport{KaelblingWilson88,
author="Leslie Pack Kaelbling and Nathan J. Wilson",
year="1988",
title="{R}EX Programmer's Manual",
institution="SRI",
number="381R"}

@article{Kak88,
author="Avi Kak",
year="1988",
title="{S}pecial issue on spatial reasoning",
journal="{\it AI Magazine\/ }",
volume="9",
number="Summer"}

@book{KakChen87,
author="Avi Kak and Su-Shing Chen",
year="1987",
title="{P}roc. Spatial Reasoning and Multi-sensor Fusion Workshop",
publisher="Morgan Kaufmann"}

@inproceedings{Kambhampati95,
author="Subbarao Kambhampati",
year="1995",
title="{U}niversal classical planner: an algorithm for unifying state-space and plan-space planning",
booktitle="{P}roc. {A}AAI-95"}

@inproceedings{Kambhampati96,
author="Subbarao Kambhampati",
year="1996",
title="{O}n the role of disjunctive representations and constraint propagation in refinement planning",
booktitle="{P}roc. {C}onf. on {K}nowledge {R}epresentation and {R}easoning"}

@inproceedings{KambhampatiEtal91,
author="Subbarao Kambhampati and Mark Cutkosky and J. Marty Tenenbaum and Soo Hong Lee",
year="1991",
title="{C}ombining specialized reasoners and general purpose planners: a case study",
booktitle="{P}roc. {A}AAI \bf 9",
pages="199--205"}

@article{KambhampatiEtal93,
author="Subbarao Kambhampati and Mark R. Cutkosky and J. Marty Tenenbaum and Soo Hong Lee",
year="1993",
title="{I}ntegrating {G}eneral {P}urpose {P}lanners and {S}pecialized {R}easoners:    {C}ase {S}tudy of a {H}ybrid {P}lanning {A}rchitecture",
journal="{\it IEEE Trans. on Systems, Man and Cybernetics }",
volume="23",
number="6",
note="Special issue on Planning, Scheduling and Control"}

@incollection{KambhampatiEtal95,
author="Subbarao Kambhampati and Craig A. Knoblock and Qiang Yang",
year="1995",
title="Planning as refinement search: a unified framework for evaluating design tradeoffs in partial-order planning",
editor="Drew McDermott and James Hendler",
booktitle="{A}rtificial {I}ntelligence { \bf 76},  {S}pecial {I}ssue on {P}lanning and {S}cheduling",
publisher="NIL",
pages="167--238"}

@techreport{Kanazawa92,
author="Keiji Kanazawa",
year="1992",
title="{R}easoning about {T}ime and {P}robability",
institution="Brown University Department of Computer Science",
number="92-61"}

@article{KaplanMontague60,
author="David Kaplan and Richard Montague",
year="1960",
title="{A} paradox regained",
journal="{\it Notre Dame J. of Formal Logic }",
volume="1",
pages="79--90",
note="Reprinted in {\it Formal Philosophy: Selected Papers of Richard Montague,} Richmond Thomason (ed).  New Haven: Yale University Press"}

@book{KapurMundy88,
author="Deepak Kapur and Joseph L. Mundy",
year="1988",
title="{A}rtificial {I}ntelligence, {\bf 37}, {S}pecial {I}ssue on {G}eometric {R}easoning",
publisher="NIL"}

@techreport{Kautz82,
author="Henry A. Kautz",
year="1982",
title="{A} First-Order Dynamic Logic for  Planning",
institution="University of Toronto",
number="144"}

@inproceedings{Kautz86,
author="Henry A. Kautz",
year="1986",
title="{T}he logic of persistence",
booktitle="{P}roc. {A}AAI \bf 5",
pages="401--405"}

@techreport{Kautz87,
author="Henry A. Kautz",
year="1987",
title="{A} {F}ormal {T}heory of {P}lan {R}ecognition",
institution="U. of Rochester Computer Science Department",
note="."}

@inproceedings{KautzAllen86,
author="Henry A. Kautz and James Allen",
year="1986",
title="{G}eneralized plan recognition",
booktitle="{P}roc. {A}AAI \bf 6",
pages="32--38"}

@inproceedings{KautzEtal96,
author="Henry A. Kautz and David McAllester and Bart Selman",
year="1996",
title="{E}ncoding {P}lans in {P}ropositional {L}ogic",
booktitle="{P}roc. {K}R-96"}

@inproceedings{KautzSelman96,
author="Henry A. Kautz and Bart Selman",
year="1996",
title="{P}ushing the {E}nvelope: {P}lanning, {P}ropositional {L}ogic, and {S}tochastic {S}earch",
booktitle="{P}roc. {A}AAI-96"}

@book{Keene89,
author="Sonya E. Keene",
year="1989",
title="{O}bject-Oriented Programming in {C}ommon {L}isp",
publisher="Addison-Wesley",
location="Reading, Massachusetts"}

@article{Khatib86,
author="Osama Khatib",
year="1986",
title="{R}eal-time obstacle avoidance for manipulators and mobile robots",
journal="{\it Int. J. of Robotics Res }",
volume="5",
number="1",
pages="90--98"}

@article{Kirby88,
author="L. Kirby",
year="1988",
title="{R}eal-time software controls {M}ars rover robot",
journal="{\it Computer Design }",
volume="27",
pages="60--62"}

@article{KirkpatrickEtal83,
author="Scott Kirkpatrick and C.D. Gelatt and M.P. Vecchi",
year="1983",
title="{O}ptimization by simulated annealing",
journal="{\it Science }",
volume="220\rm(4598)",
pages="671--680"}

@inproceedings{KirmanEtal91,
author="Jak Kirman and Kenneth Basye and Thomas Dean",
year="1991",
title="{S}ensor abstraction for control of navigation",
booktitle="{P}roc. {I}EEE {C}onf. on {R}obotics and {A}utomation",
pages="2812--2817"}

@book{Kleene67,
author="Stephen Cole Kleene",
year="1967",
title="{M}athematical {L}ogic",
publisher="John Wiley \& Sons",
location="New York"}

@article{KlingerRhodes79,
author="Allen Klinger and Michael L. Rhodes",
year="1979",
title="{O}rganization and access of image data    by areas",
journal="{\it IEEE Trans. on Pattern Analysis and Machine Intelligence }",
volume="1",
pages="50--60"}

@inproceedings{Koditschek87,
author="Daniel Koditschek",
year="1987",
title="{E}xact robot navigation by means of potential functions: some topological considerations",
booktitle="{P}roc. {I}EEE {I}nt. {C}onf. on {R}obotics and {A}utomation",
pages="1--6",
note="Raleigh, N.C"}

@book{Koerner75,
editor="Stephan Koerner",
year="1975",
title="{E}xplanation",
publisher="Yale University Press"}

@inproceedings{KorenBorenstein91,
author="Yoram Koren and Johann Borenstein",
year="1991",
title="{P}otential field methods and their inherent limitations for mobile robot navigation",
booktitle="{P}roc. {I}EEE {C}onf. on {R}obotics and {A}utomation",
pages="1398--1404",
note="Sacramento"}

@inproceedings{KortenkampEtal92,
author="David Kortenkamp and L. Douglas Baker and Terry Weymouth",
year="1992",
title="{U}sing gateways to build a route map",
booktitle="{P}roc. {I}EEE/RSJ {I}nt'l. {W}orkshop on {I}ntelligent {R}obots and {S}ystems"}

@book{Kosslyn80,
author="Stephen Kosslyn",
year="1980",
title="{I}mage and Mind",
publisher="Harvard University Press",
location="Cambridge"}

@book{Kosslyn83,
author="Stephen Kosslyn",
year="1983",
title="{G}hosts in the Mind's Machine: Creating and    Using Images",
publisher="Norton",
location="New York"}

@article{Kowalski75,
author="Robert Kowalski",
year="1975",
title="{A} proof procedure using connection graphs",
journal="{\it J. ACM }",
volume="22",
number="4",
pages="572--595"}

@article{KriegmanTaylor96,
author="David J. Kriegman and C.J. Taylor",
year="1996",
title="{V}ision-based motion planning and exploration for mobile robots",
journal="{\it IEEE        Trans. on Robotics and Automation}"}

@book{KufflerNicholls76,
author="S.W. Kuffler and J.G. Nicholls",
year="1976",
title="{F}rom {N}euron to {B}rain",
publisher="Sinauer",
location="Sunderland, Mass."}

@article{Kuipers78,
author="Benjamin Kuipers",
year="1978",
title="{M}odeling spatial knowledge",
journal="{\it Cognitive Science }",
volume="2",
number="2",
pages="129--154"}

@article{Kuipers84,
author="Benjamin Kuipers",
year="1984",
title="{C}ommonsense reasoning about causality: deriving behavior from structure",
journal="{\it Artificial Intelligence }",
volume="24",
pages="169--203"}

@inproceedings{Kuipers85,
author="Benjamin Kuipers",
year="1985",
title="{T}he limits of qualitative simulation",
booktitle="{P}roc. {I}jcai \bf 9",
pages="128--136"}

@article{Kuipers86,
author="Benjamin Kuipers",
year="1986",
title="{Q}ualitative simulation",
journal="{\it Artificial Intelligence }",
volume="29",
number="3",
pages="289--338"}

@inproceedings{KuipersByun88,
author="Benjamin Kuipers and Yung-tai Byun",
year="1988",
title="{A} robust, qualitative method for robot spatial reasoning",
booktitle="{P}roc. {A}AAI \bf 7",
pages="774--779"}

@article{KuipersByun91,
author="Benjamin Kuipers and Yung-tai Byun",
year="1991",
title="{A} robot exploration and mapping strategy based on a semantic hierarchy of spatial representations",
journal="{\it Robotis and Autonomous Systems }",
volume="8",
pages="47--63"}

@article{KuipersLevitt88,
author="Benjamin Kuipers and Tod S. Levitt",
year="1988",
title="{N}avigation and mapping in large-scale space",
journal="{\it AI Magazine\/ }",
volume="9",
pages="25--43",
note="Summer 1988"}

@inproceedings{KunzEtal97,
author="Clayton Kunz and Thomas Willeke and Illah R. Nourbakhsh",
year="1997",
title="{A}utomatic mapping of dynamic office environments",
booktitle="{P}roc. {I}EEE {C}onf. on {R}obotics and {A}utomation",
pages="1681--1687"}

@book{Lakatos76,
author="Imre Lakatos",
year="1976",
title="{P}roofs and refutations : the logic of mathematical discovery",
publisher="ambridge University Press",
location="Cambridge",
note="Edited by John Worrall and Elie Zahar"}

@book{LanskyGeorgeff86,
editor="Amy L. Lansky and Michael P. Georgeff",
year="1986",
title="{P}roc. of the Workshop on Planning and Reasoning about Action",
publisher="Published by SRI AI Center",
note="Timberline, Oregon"}

@book{Latombe91,
author="Jean-Claude Latombe",
year="1991",
title="{R}obot Motion Planning",
publisher="Kluwer Academic Publishers",
location="Boston"}

@incollection{LazanasLatombe95,
author="Anthony Lazanas and Jean-Claude Latombe",
year="1995",
title="Motion planning with uncertainty: a landmark approach",
editor="Drew McDermott and James Hendler",
booktitle="{A}rtificial {I}ntelligence { \bf 76},  {S}pecial {I}ssue on {P}lanning and {S}cheduling",
publisher="NIL",
pages="287--317"}

@incollection{Lavin79,
author="Lavin",
year="1979",
title="Analysis of scenes from a moving viewpoint",
editor="Patrick H. Winston and Richard H. Brown",
booktitle="{A}rtificial {I}ntelligence: an {M}IT {P}erspective \bf 1",
publisher="MIT Press",
pages="185--208"}

@techreport{LawlerEtal89,
author="E.L. Lawler and J.K. Lenstra and A.H.G. Rinnooy Kan and D.B. Shmoys",
year="1989",
title="{S}equencing and scheduling: algorithms and complexity",
institution="Rotterdam, the Netherlands: Econometrics Institute, Erasmus University",
number="8945/A"}

@article{LeCunEtal89,
author="Yann LeCun and B~Boser and J.S.~Denker and D.~Henderson and R.E.~Howard and W.~Hubbard and L.D.~Jackel",
year="1989",
title="{B}ackpropagation applied to handwritten zip code recognition",
journal="{\it Neural Computation }",
volume="1",
pages="541--551"}

@incollection{Lenat82,
author="Douglas B. Lenat",
year="1982",
title="AM: Discovery in Mathematics as    Heuristic Search",
editor="Randall Davis and Douglas B. Lenat",
booktitle="{K}nowledge-Based {S}ystems in {A}rtificial {I}ntelligence",
publisher="McGraw-Hill    International Book Company",
pages="1--225"}

@article{LenatFeigenbaum91,
author="Douglas B. Lenat and Edward Feigenbaum",
year="1991",
title="{O}n the thresholds of knowledge",
journal="{\it Artificial Intelligence }",
volume="47",
number="s",
pages="185--230",
note="1--3"}

@article{LenatEtal86,
author="Douglas B. Lenat and Mayank Prakash and Mary Shepherd",
year="1986",
title="{C}YC: using common sense knowledge to overcome brittleness and knowledge acquisition bottlenecks",
journal="{\it AI Magazine }",
volume="6",
number="4",
pages="65--85"}

@article{LenatEtal90,
author="Douglas B. Lenat and R.V. Guha and Karen Pittman and Dexter Pratt and Mary Shepherd",
year="1990",
title="{C}yc: toward programs with common sense",
journal="{\it Comm. ACM 8}",
volume="33:\rm",
pages="30--49"}

@article{LeonardEtal92,
author="John J. Leonard and Hugh F. Durrant-Whyte and Ingemar J. Cox",
year="1992",
title="{D}ynamic map building for an autonomous mobile robot",
journal="{\it Int. J. of Robotics. Res }",
volume="11",
number="4",
pages="286--298"}

@article{LevesqueHJ86,
author="Levesque and H.J",
year="1986",
title="{M}aking believers out of computers",
journal="{\it Artificial Intelligence\/ }",
volume="30",
pages="81--108"}

@inproceedings{LevittEtal87,
author="Tod S. Levitt and Daryl T. Lawton and David M. Chelberg and Philip C. Nelson",
year="1987",
title="{Q}ualitative landmark-based path planning and following",
booktitle="{P}roc. {A}AAI \bf 6",
pages="689--694"}

@inproceedings{Lifschitz85,
author="Vladimir Lifschitz",
year="1985",
title="{C}omputing circumscription",
booktitle="{P}roc. {I}jcai \bf 9",
pages="121--127"}

@article{Lifschitz86,
author="Vladimir Lifschitz",
year="1986",
title="{C}losed-world databases and circumscription",
journal="{\it Artificial Intelligence }",
volume="27",
pages="229--235"}

@unpublished{Lifschitz86,
author="Vladimir Lifschitz",
year="1986",
title="{P}ointwise circumscription"}

@inproceedings{Lifschitz86,
author="Vladimir Lifschitz",
year="1986",
title="{P}ointwise circumscription: preliminary report",
booktitle="{P}roc. {A}AAI \bf 5",
pages="406--410"}

@incollection{Lifschitz87,
author="Vladimir Lifschitz",
year="1987",
title=" On the declarative semantics of logic programs with negation",
editor="Matthew L. Ginsberg",
booktitle="{R}eadings in Nonmonotonic Reasoning",
publisher="Morgan Kaufmann Publishers, Inc",
location="Los Altos, CA",
note="."}

@inproceedings{LimHenschen85,
author="Younghwan Lim and Lawrence J. Henschen",
year="1985",
title="{A} new hyperparamodulation strategy for the equality relation",
booktitle="{P}roc. {I}jcai 9",
pages="1138--1145"}

@article{LinKernighan73,
author="S. Lin and B.W. Kernighan",
year="1973",
title="{A}n effective heuristic algorithms for the traveling salesman problem",
journal="{\it Operations Res }",
volume="21\rm(2)",
pages="498--516"}

@book{Lind85,
author="William Lind",
year="1985",
title="{M}aneuver {W}arfare {H}andbook",
publisher="Westview Press",
location="Boulder"}

@inproceedings{London78,
author="Philip E. London",
year="1978",
title="{A} dependency-based modelling mechanism for problem solving",
booktitle="{P}roc. {A}FIPS {C}onf. \bf 47"}

@techreport{London78,
author="Philip E. London",
year="1978",
title="{D}ependency Networks as a Representation for Modelling in General Problem Solvers",
institution="Univ. of Maryaldn CS Dept",
number="698"}

@article{LovelandStickel76,
author="Donald W. Loveland and Mark E. Stickel",
year="1976",
title="{A} hole in goal trees",
journal="{\it IEEE Trans. on Computers }",
volume="C-25",
number="4",
pages="335--341"}

@article{Lozano-PerezWesley79,
author="Tom\'as Lozano-P\'erez and Michael A. Wesley",
year="1979",
title="{A}n algorithm for planning collision-free paths among polyhedral obstacles",
journal="{\it Comm. ACM { }(10)}",
volume="22",
pages="560--570"}

@article{Lozano-Perez81,
author="Tom\'as Lozano-P\'erez",
year="1981",
title="{A}utomatic planning of manipulator transfer movements",
journal="{\it IEEE Trans. on Sys., Man, and Cybernetics }",
volume="SMC-11",
number="10",
pages="681--698"}

@article{Lozano-Perez83,
author="Tom\'as Lozano-P\'erez",
year="1983",
title="{S}patial planning: a configuration space approach",
journal="{\it IEEE Trans. on Computers { }(2)}",
volume="C-32",
pages="108--120"}

@article{Lozano-PerezEtal84,
author="Tom\'as Lozano-P\'erez and Matthew T. Mason and Russell H. Taylor",
year="1984",
title="{A}utomatic synthesis of fine-motion strategies for robots",
journal="{\it Int. J. of Robotics Research }",
volume="3",
number="1",
pages="3--24"}

@inproceedings{Lozano-PerezODonnell91,
author="Tom\'as Lozano-P\'erez and Patrick A. O'Donnell",
year="1991",
title="{P}arallel robot motion planning",
booktitle="{P}roc. {I}EEE {C}onf. on {R}obotics and {A}utomation",
pages="1000--1007"}

@article{LumelskySun90,
author="Vladimir Lumelsky and Kang Sun",
year="1990",
title="{A} unified methodology fro motion planning with uncertainty for 2{D} and 3{D} two-link robot arm manipulators",
journal="{\it Int. J. of Robotics Research }",
volume="9",
number="5",
pages="89--104"}

@article{LumelskyStepanov87,
author="Vladimir Lumelsky and A. Stepanov",
year="1987",
title="{P}ath planning strategies for a point mobile automaton moving amidst unknown obstacles of arbitrary shape",
journal="{\it Algorithmica }",
volume="3",
number="4",
pages="403--430"}

@inproceedings{Lyons90,
author="D.M. Lyons",
year="1990",
title="{A} process-based approach to task-plan representation",
booktitle="{P}roc. {I}EEE {C}onf. on {R}obotics and {A}utomation"}

@article{Lyons90,
author="D.M. Lyons",
year="1990",
title="{A} formal model for reactive robot plans",
journal="{\it Second Intl. Conf. on Computer Integrated Manufacturing}",
note="RPI, Troy, New York"}

@article{LyonsArbib89,
author="D.M. Lyons and M.A. Arbib",
year="1989",
title="{A} formal model of computation for sensory-based robotics",
journal="{\it IEEE Trans. on Robotics and Automation }",
volume="5",
number="3",
pages="280--293"}

@inproceedings{LyonsEtal91,
author="D.M. Lyons and A.J. Hendriks and S. Mehta",
year="1991",
title="{A}chieving robustness by casting planning as adaptation of a reactive system",
booktitle="{P}roc. {I}EEE {C}onf. on {R}obotics and {A}utomation",
pages="198--203"}

@article{Mackay60,
author="D.M. Mackay",
year="1960",
title="{O}n the logical indeterminacy of a free choice",
journal="{\it Mind }",
volume="69",
pages="31--40"}

@book{Mackay67,
author="Donald M. Mackay",
year="1967",
title="{F}reedom of Action in a Mechanistic  Universe",
publisher="Cambridge University Press"}

@book{Mackay78,
author="Donald M. Mackay",
year="1978",
title="{S}cience, Chance, and Providence",
publisher="Oxford University Press"}

@book{Maes90,
editor="Patti Maes",
year="1990",
title="{N}ew Architectures for Autonomous Agents: Task-level Decomposition and Emergent Functionality",
publisher="MIT Press",
location="Cambridge"}

@inproceedings{MaesBrooks90,
author="Pattie Maes and Rodney A. Brooks",
year="1990",
title="{L}earning to coordinate behaviors",
booktitle="{P}roc. {A}AAI \bf 8",
pages="796--802"}

@article{MannaWaldinger80,
author="Zohar Manna and Richard Waldinger",
year="1980",
title="{A} deductive approach to program synthesis",
journal="{\it ACM Trans. on Prog. Lang. and Sys }",
volume="2",
number="1",
pages="90--121"}

@techreport{MannaWaldinger86,
author="Zohar Manna and Richard Waldinger",
year="1986",
title="{H}ow To Clear a Block: A Theory of Plans",
institution="SRI AI Center",
number="397"}

@book{Marr82,
author="David Marr",
year="1982",
title="{V}ision",
publisher="Freeman",
note="W.H"}

@inproceedings{MarrNishihara78,
author="David Marr and H. Keith Nishihara",
year="1978",
title="{R}epresentation and recognition 	 of the spatial organization of three-dimensional shapes",
booktitle="{P}roc. {R}oyal {S}oc. {B} \bf 200",
pages="269--294"}

@article{MartinsShapiro88,
author="Jo\~ao Martins and Stuart C. Shapiro",
year="1988",
title="{A} model for belief revision",
journal="{\it Artificial Intelligence }",
volume="35",
number="1",
pages="25--80"}

@techreport{Mataric90,
author="Maja J. Mataric",
year="1990",
title="{A} Distributed Model for Mobile Robot Environment-Learning and Navigation",
institution="MIT AI Lab",
number="1228"}

@inproceedings{Mataric90b,
author="Maja J. Mataric",
year="1990",
title="{E}nvironment learning using a distributed representation",
booktitle="{P}roc. {I}EEE {I}nt'l. {C}onf. on {R}obotics and {A}utomation",
pages="402--406"}

@article{McAllester80,
author="David McAllester",
year="1980",
title="{T}he use of equality in deduction and knowledge representation",
journal="{\it MIT AI Laboratory Report 550}"}

@techreport{McAllester82,
author="David McAllester",
year="1982",
title="{R}easoning {U}tility {P}ackage {U}ser's {M}anual",
institution="MIT AI Lab",
number="667"}

@unpublished{McAllester86,
author="David McAllester",
year="1986",
title="{O}NTIC: a knowledge representation language for mathematics"}

@techreport{McAllester87,
author="David McAllester",
year="1987",
title="{O}NTIC: {A} {K}nowledge  {R}epresentation {L}anguage for {M}athematics",
institution="MIT AI Laboratory",
number="979"}

@unpublished{McAllesterRees85,
author="David McAllester and Jonathan Rees",
year="1985",
title="{O}NTIC: a knowledge representation language for mathematics"}

@inproceedings{McAllesterRosenblitt91,
author="David McAllester and David Rosenblitt",
year="1991",
title="{S}ystematic nonlinear planning",
booktitle="{P}roc. {A}AAI \bf 9",
pages="634--639"}

@incollection{McCarthy60,
author="John McCarthy",
year="1960",
title="Programs with common sense",
editor="Marvin Minsky",
booktitle="{S}emantic {I}nformation {P}rocessing",
publisher="The MIT Press",
location="Cambridge, Mass",
pages="403--418"}

@article{McCarthy80,
author="John McCarthy",
year="1980",
title="{C}ircumscription: a nononotonic inference rule",
journal="{\it Artificial Intelligence }",
volume="13",
note="1,2, p. 27-40"}

@article{McCarthy86,
author="John McCarthy",
year="1986",
title="{A}pplications of circumscription to formalizing commonsense knowledge",
journal="{\it Artificial Intelligence }",
volume="28",
pages="89--118"}

@incollection{McCarthyHayes69,
author="John McCarthy and Patrick Hayes",
year="1969",
title="Some philosophical problems               from the standpoint of artificial intelligence",
editor="Bernard Meltzer and Donald Michie",
booktitle="{M}achine {I}ntelligence 4",
publisher="Edinburgh University Press",
pages="463--502"}

@article{McDermott77,
author="Drew McDermott",
year="1977",
title="{F}lexibility and efficiency in a computer program             for designing circuits",
journal="{\it MIT AI Laboratory Report 402}"}

@misc{McDermott78,
author="Drew McDermott",
year="1978",
title="Planning and acting, {\it Cognitive Science \bf 2}, no",
pages="71--109",
note="2"}

@article{McDermott78,
author="Drew McDermott",
year="1978",
title="{T}arskian {S}emantics or, {N}o {N}otation without          {D}enotation",
journal="{\it Cognitive Science }",
volume="2",
pages="277--282",
note="3"}

@inproceedings{McDermott80,
author="Drew McDermott",
year="1980",
title="{A} theory of metric spatial inference",
booktitle="{P}roc. {A}AAI 1"}

@techreport{McDermott81,
author="Drew McDermott",
year="1981",
title="{F}inding objects with given spatial             properties",
institution="Yale University Computer Science Department",
number="195"}

@article{McDermott82,
author="Drew V. McDermott",
year="1982",
title="{N}on-monotonic logic {I}I: nonmonotonic modal theories",
journal="{\it J. ACM }",
volume="29",
number="1",
pages="33--57"}

@article{McDermott82,
author="Drew McDermott",
year="1982",
title="{A} temporal logic for reasoning about processes             and plans",
journal="{\it Cognitive Science }",
volume="6",
pages="101--155"}

@article{McDermott83,
author="Drew McDermott",
year="1983",
title="{C}ontexts and data dependencies:          a synthesis",
journal="{\it IEEE Trans. on Pattern          Analysis and Machine Intelligence }",
volume="PAMI-5",
number="3",
pages="237--246"}

@inproceedings{McDermott83,
author="Drew McDermott",
year="1983",
title="{D}ata dependencies on inequalities",
booktitle="{P}roc. {A}AAI \bf 3"}

@incollection{McDermott85,
author="Drew McDermott",
year="1985",
title="Reasoning about plans",
editor="Jerry Hobbs and Robert C. Moore",
booktitle="{F}ormal Theories of the Commonsense World",
publisher="Ablex Publishing Corporation",
pages="269--317"}

@techreport{McDermott85,
author="Drew McDermott",
year="1985",
title="{T}he {D}UCK manual",
institution="Yale University Computer Science Department",
number="399"}

@techreport{McDermott86,
author="Drew McDermott",
year="1986",
title="{A} {C}ritique of {P}ure {R}eason",
institution="Yale Computer Science",
number="480"}

@incollection{McDermott86,
author="Drew McDermott",
year="1986",
title="we've been framed, or, {W}hy {A}I is innocent of the frame problem",
booktitle="{T}he {R}obot's {D}ilemma",
editor="Zenon Pylyshyn"}

@article{McDermott87,
author="Drew McDermott",
year="1987",
title="{A} critique of pure reason",
journal="{\it Computational   Intelligence }",
volume="3",
number="3",
pages="151--160"}

@article{McDermott87,
author="Drew McDermott",
year="1987",
title="{R}eply to critics",
journal="{\it Computational   Intelligence }",
volume="3",
number="3",
pages="223--227"}

@techreport{McDermott88,
author="Drew McDermott",
year="1988",
title="{R}evised {N}ISP {M}anual",
institution="Yale Computer Science Department",
number="642"}

@techreport{McDermott89,
author="Drew McDermott",
year="1989",
title="{A} prototype system for automated tactical situation assessment",
institution="Yale Computer Science",
number="674"}

@inproceedings{McDermott90,
author="Drew McDermott",
year="1990",
title="{P}lanning reactive behavior: a progress report",
booktitle="{P}roc. {D}ARPA {W}orkshop on {I}nnovative {A}pproaches to {P}lanning, {S}cheduling, and {C}ontrol",
note="San Diego.  Morgan Kaufmann"}

@article{McDermott91a,
author="Drew McDermott",
year="1991",
title="{C}omputation and consciousness ({R}esponse to {R}oger {P}enrose)",
journal="{\it Behavioral and Brain Sciences }",
volume="13",
number="4",
pages="676--678"}

@article{McDermott91b,
author="Drew McDermott",
year="1991",
title="{Z}ombies are people, too ({R}esponse to {J}ohn {S}earle)",
journal="{\it Behavioral and Brain Sciences }",
volume="13",
number="4",
pages="617--618"}

@techreport{McDermott91c,
author="Drew McDermott",
year="1991",
title="{R}obot planning",
institution="Yale Computer Science",
number="861"}

@techreport{McDermott91d,
author="Drew McDermott",
year="1991",
title="{A} reactive plan language",
institution="Yale Computer Science",
number="864"}

@article{McDermott91e,
author="Drew McDermott",
year="1991",
title="{R}egression planning",
journal="{\it Int. J. of Intelligent Sys }",
volume="6",
number="4",
pages="357--416"}

@article{McDermott91f,
author="Drew McDermott",
year="1991",
title="{A} general framework for reason maintenance",
journal="{\it Artificial Intelligence }",
volume="50",
number="3",
pages="289--329",
note="Also Yale Computer Science Report~691"}

@article{McDermott92a,
author="Drew McDermott",
year="1992",
title="{S}patial reasoning",
journal="{\it Encyclopedia of Artificial Intelligence,}",
pages="1322--1334",
note="Article in Stuart Shapiro (ed.) second edition.  New York: John Wiley \& Sons, Inc"}

@article{McDermott92b,
author="Drew McDermott",
year="1992",
title="{T}ransforming plans to reduce perceptual confusion",
journal="{\it Working Notes, AAAI Spring Symposium on Computational Considerations in Supporting Incremental Modification and Reuse,}",
pages="31--35"}

@article{McDermott92c,
author="Drew McDermott",
year="1992",
title="{R}obot planning",
journal="{\it AI Magazine,}",
note="Summer"}

@techreport{McDermott92d,
author="Drew McDermott",
year="1992",
title="{T}ransformational planning of reactive behavior",
institution="Yale Computer Science",
number="941"}

@techreport{McDermott94,
author="Drew McDermott",
year="1994",
title="{A}n {A}lgorithm for {P}robabilistic, {T}otally-Ordered {T}emporal {P}rojection",
institution="Yale Computer Science",
number="1014"}

@inproceedings{McDermott96,
author="Drew McDermott",
year="1996",
title="{A} {H}euristic {E}stimator for {M}eans-Ends {A}nalysis in {P}lanning",
booktitle="{P}roc. {I}nternational {C}onference on {A}I {P}lanning {S}ystems \bf 3",
pages="142--149"}

@article{McDermott97,
author="Drew McDermott",
year="1997",
title="{U}sing {R}egression-Match {G}raphs to {C}ontrol {S}earch in {P}lanning",
journal="{\it Artificial Intelligence}",
note="Submitted to"}

@inproceedings{McDermottEtal91,
author="Drew McDermott and William Cheetham and Bruce Pomeroy",
year="1991",
title="{C}ockpit emergency response: the problem of plan projection",
booktitle="{P}roc. {I}EEE {C}onf. on {S}ystems, {M}an, and {C}ybernetics",
note="Charlottesville, Virginia"}

@article{McDermottDavis84,
author="Drew McDermott and Ernest Davis",
year="1984",
title="{P}lanning routes through          uncertain territory",
journal="{\it Artificial Intelligence }",
volume="22",
number="n-monotonic",
pages="107--156",
note="p Drew McDermott and Jon Doyle 1980 logic I .     {\it Artificial Intelligence \bf 13}, pp. 41-72"}

@inproceedings{McDermottGelsey87,
author="Drew McDermott and Andrew Gelsey",
year="1987",
title="{T}errain analysis for tactical situation assessment",
booktitle="{P}roc. {W}orkshop on {S}patial {R}easoning and {M}ulti-Sensor {F}usion",
pages="420--429"}

@article{McDermottHendler95a,
author="Drew McDermott and James Hendler",
year="1995",
title="{P}lanning: {W}hat it is, what it could be",
journal="{\it Artificial Intelligence (1--2)}",
volume="76\rm",
pages="1--16"}

@book{McDermottHendler95b,
author="Drew McDermott and James Hendler",
year="1995",
title="{A}rtificial {I}ntelligence { \bf 76},  {S}pecial {I}ssue on {P}lanning and {S}cheduling",
publisher="NIL"}

@book{MeltzerMichie69,
editor="Bernard Meltzer and Donald Michie",
year="1969",
title="{M}achine {I}ntelligence 4",
publisher="Edinburgh University Press"}

@techreport{Miller85,
author="David Miller",
year="1985",
title="{P}lanning by Search through Simulations",
institution="Yale Computer Science Department",
number="423"}

@article{Miller88,
author="David Miller",
year="1988",
title="{A} task and resource scheduling system for automated planning",
journal="{\it Annals of Operations Res }",
volume="12",
pages="169--198"}

@inproceedings{MillerSlack91,
author="David Miller and Marc G. Slack",
year="1991",
title="{G}lobal symbolic maps from local navigation",
booktitle="{P}roc. {A}AAI \bf 9",
pages="750--755"}

@book{Minsky68,
author="Marvin Minsky",
year="1968",
title="{S}emantic {I}nformation {P}rocessing",
publisher="The MIT Press",
location="Cambridge, Mass"}

@inproceedings{Minsky75,
author="Marvin Minsky",
year="1975",
title="{A} framework for representing knowledge",
booktitle="{T}he {P}sychology of {C}omputer {V}ision",
publisher="McGraw-Hill",
location="New York",
note="Winston, P.H., ed"}

@book{Minsky86,
author="Marvin Minsky",
year="1986",
title="{T}he Society of Mind",
publisher="Simon \& Schuster",
location="New York"}

@article{Mitchell88,
author="Joseph S.B. Mitchell",
year="1988",
title="{A}n algorithmic approach to some problems in terrain navigation",
journal="{\it Artificial Intelligence }",
volume="37",
number="s",
pages="171--201",
note="1--3"}

@techreport{Mitchell80,
author="Tom Mitchell",
year="1980",
title="{T}he need for biases in learning generalizations",
institution="NIL",
number="117",
note="Rutgers Department of Computer Science"}

@article{Mitchell82,
author="Tom Mitchell",
year="1982",
title="{G}eneralization as search",
journal="{\it Artificial Intelligence }",
volume="18\rm(2)",
pages="203--226"}

@inproceedings{Mitchell90,
author="Tom M. Mitchell",
year="1990",
title="{B}ecoming increasingly reactive",
booktitle="{P}roc. {A}AAI \bf 8",
pages="1051--1058"}

@techreport{Moore80,
author="Robert C. Moore",
year="1980",
title="{R}easoning about knowledge and action",
institution="SRI AI Center",
number="191"}

@inproceedings{Moore83,
author="Robert C. Moore",
year="1983",
title="{S}emantical considerations on nonmonotonic logic",
booktitle="{P}roc. {I}jcai \bf 8",
pages="272--279",
note="Karlsruhe"}

@article{Moore85,
author="Robert C. Moore",
year="1985",
title="{S}emantical considerations on nonmonotonic logic",
journal="{\it Artificial Intelligence }",
volume="25",
number="1",
pages="75--94"}

@incollection{Moore85,
author="Robert C. Moore",
year="1985",
title="A formal theory of knowledge and action",
editor="Jerry Hobbs and Robert C. Moore",
booktitle="{F}ormal Theories of the Commonsense World",
publisher="Ablex Publishing Corporation",
pages="319--358"}

@misc{Moravec89,
author="H.P.~Moravec",
year="1989",
title="Certainty grids for sensor fusion in mobile robots), in  {\booktit Sensor \C.Devices and \C.Systems for \C.Robotics,} Alicia Casals, ed",
pages="243--276",
note="Berling: Springer-Verlag (proceedings of the NATO Advanced Research Workshop on Sensor Devices and Systems for Robotics, Costa Brava, Spain, October 12-17, 1987)"}

@article{Moravec88,
author="Hans P. Moravec",
year="1988",
title="{S}ensor fusion in certainty grids for mobile robots",
journal="{\it AI Magazine\/ }",
volume="9",
pages="61--74",
note="Summer 88"}

@inproceedings{MoravecElfes85,
author="Hans P. Moravec and Alberto Elfes",
year="1985",
title="{H}igh-resolution maps from wide-angle sonar",
booktitle="{P}roc. {I}EEE {I}nt'l {C}onf. on {R}obotics and {A}utomation"}

@inproceedings{Morris87,
author="Paul H. Morris",
year="1987",
title="{C}uring anomalous extensions",
booktitle="{P}roc. {A}AAI \bf 6",
pages="437--442"}

@inproceedings{MoutarlierChatila89,
author="Philippe Moutarlier and Raja Chatila",
year="1989",
title="{S}tochastic multisensory data fusion for mobile robot location and environment modelling",
booktitle="{P}roc. {I}nt. {S}ymp. of {R}obotics {R}esearch \bf 5",
pages="207--216"}

@inproceedings{MurrayJennings97,
author="Don Murray and Cullen Jennings",
year="1997",
title="{S}tereo vision based mapping and navigation for mobile robots",
booktitle="{P}roc. {I}EE {I}nt'l {C}onf. on {R}obotics and {A}utomation",
pages="1694--1699"}

@article{Murray82,
author="N.V. Murray",
year="1982",
title="{C}ompletely non-clausal theorem proving",
journal="{\it Artificial Intelligence }",
volume="18",
number="1",
pages="67--85"}

@article{Nau82,
author="Dana S. Nau",
year="1982",
title="{A}n investigation of the causes of pathology in 	 games",
journal="{\it Artificial Intelligence }",
volume="19\rm(3)",
pages="257--258"}

@incollection{NauEtal90,
author="Dana S. Nau and Qiang Yang and James Hendler",
year="1990",
title="Optimization of multiple-goal plans with limited interactions",
editor="Katia Sycara",
booktitle="{P}roceedings of the {W}orkshop on {I}nnovative {A}pproaches to {P}lanning, {S}cheduling, and {C}ontrol",
publisher="Morgan Kaufmann Publishers, Inc",
location="San Mateo",
pages="160--165"}

@phdthesis{Nelson89,
author="Randall Nelson",
year="1989",
title="{V}isual {N}avigation",
institution="University of Maryland"}

@misc{NemhauserWolsey88,
author="George L. Nemhauser and Laurence A. Wolsey",
year="1988",
title=" Integer and Combinatorial Optimization",
note="New York: John Wiley and Sons"}

@inproceedings{NewellSimon61,
author="Allen Newell and Herbert Simon",
year="1961",
title="{G}PS: a program that simulates human thought",
booktitle="{L}ernende {A}utomaten",
publisher="R. Oldenbourg KG. Reprinted in Feigenbaum and Feldman 1963",
location="Munich",
pages="279--293"}

@article{Newell81,
author="Allen Newell",
year="1981",
title="{T}he knowledge level",
journal="{\it AI Magazine }",
volume="1",
number="3",
pages="1--20"}

@techreport{Nielsen87,
author="Paul Nielsen",
year="1987",
title="{T}he qualitative statics of rigid bodies",
institution="Univ. of Illinois CS Department",
number="87-1354"}

@phdthesis{Nielsen88,
author="Paul Nielsen",
year="1988",
title="{A} Qualitative Approach to Rigid Body Mechanics",
institution="University of Illinois Computer Science Department"}

@book{Nilsson80,
author="Nils J. Nilsson",
year="1980",
title="{P}rinciples of {A}rtificial {I}ntelligence",
publisher="Tioga Publishing Company",
location="Palo Alto"}

@inproceedings{Nilsson88,
author="Nils J. Nilsson",
year="1988",
title="{A}ction networks",
booktitle="{P}roc. {R}ochester {P}lanning {W}orkshop",
pages="20--51"}

@article{NormanBobrow75,
author="Donald A. Norman and Daniel G. Bobrow",
year="1975",
title="{O}n data-limited and resource-limited processes",
journal="{\it Cognitive Psychology }",
volume="7",
pages="44--64"}

@book{Norvig92,
author="Peter Norvig",
year="1992",
title="{P}aradigms of {A}rtificial {I}ntelligence {P}rogramming:Case {S}tudies in {L}isp",
publisher="Morgan Kaufmann"}

@article{NourbakhshEtal95,
author="Illah Nourbakhsh and Rob Powers and Stan Birchfield",
year="1995",
title="{D}ERVISH, {A}n {O}ffice-Navigating {R}obot",
journal="{\it AI Magazine }",
volume="16",
number="2",
pages="53--60"}

@inproceedings{Novak77,
author="Gordon Novak",
year="1977",
title="{R}epresentations of {K}nowledge in a program    for solving physics problems",
booktitle="{P}roc. {I}JCAI \bf 5",
pages="286--291"}

@article{NussbaumParra93,
author="Miguel Nussbaum and Eduardo Parra",
year="1993",
title="{A} production scheduling system",
journal="{\it ORSA J. on Computing }",
volume="5",
number="2",
pages="168--181"}

@book{ORourke93,
author="Joseph O'Rourke",
year="1993",
title="{C}omputational {G}eometry in {C}",
publisher="Cambridge University Press",
location="Cambridge"}

@inproceedings{OwEtal88,
author="Peng Si Ow and Steven Smith and A. Thiriez",
year="1988",
title="{R}eactive plan revision",
booktitle="{P}roc. {A}AAI \bf 8",
pages="77--82"}

@article{Paulson86,
author="Lawrence C. Paulson",
year="1986",
title="{N}atural deduction as higher-order resolution",
journal="{\it J. of Logic Programming }",
volume="3",
pages="237--258"}

@incollection{Payton90,
author="David Payton",
year="1990",
title="Exploiting plans as resources for action",
editor="Katia Sycara",
booktitle="{P}roceedings of the {W}orkshop on {I}nnovative {A}pproaches to {P}lanning, {S}cheduling, and {C}ontrol",
publisher="Morgan Kaufmann Publishers, Inc",
location="San Mateo",
pages="175--180"}

@article{Pearl86,
author="Judea Pearl",
year="1986",
title="{F}usion, propagation, and structuring in belief networks",
journal="{\it Artificial Intelligence }",
volume="29",
pages="241--288"}

@book{Pearl88,
author="Judea Pearl",
year="1988",
title="{P}robabilistic {R}easoning in {I}ntelligent {S}ystems: {N}etworks of {P}lausible {I}nference",
publisher="Morgan Kaufmann",
location="Los Altos, CA"}

@techreport{Pednault85,
author="Edwin Peter Dawson Pednault",
year="1985",
title="{P}reliminary report on a theory of plan  synthesis",
institution="SRI International",
number="358"}

@phdthesis{Pednault86,
author="Edwin Peter Dawson Pednault",
year="1986",
title="{T}oward a Mathematical  Theory of Plan Synthesis",
institution="Stanford"}

@article{Pednault88,
author="Edwin Peter Dawson Pednault",
year="1988",
title="{S}ynthesizing plans that contain actions  with context-dependent effects",
journal="{\it Computational Intelligence }",
volume="??"}

@inproceedings{Pednault89,
author="Edwin Peter Dawson Pednault",
year="1989",
title="{A}DL: {E}xploring the middle ground  between {S}TRIPS and the situation calculus",
booktitle="{P}roc. {C}onf. on {K}nowledge  {R}epresentation and {R}easoning \bf 1",
pages="324--332"}

@phdthesis{Pelavin88,
author="Richard Pelavin",
year="1988",
title="{A} formal approach to planning with concurrent actions and external events",
institution="University of Rochester Department of CS"}

@techreport{Penberthy93,
author="J. Scott Penberthy",
year="1993",
title="{P}lanning with {C}ontinuous {C}hange",
institution="University of Washington Department of Computer Science \& Engineering",
number="93-12-01"}

@inproceedings{PenberthyWeld92,
author="J. Scott Penberthy and Daniel S. Weld",
year="1992",
title="{U}CPOP: {A} sound, complete, partial order planner for {A}DL",
booktitle="{P}roceedings, {C}onf. on {K}nowedge {R}epresentation and {R}easoning \bf 3"}

@incollection{PeotSmith92,
author="Mark Peot and David Smith",
year="1992",
title="Conditional nonlinear planning",
editor="James Hendler",
booktitle="{P}roceedings of the {F}irst {I}nternational {C}onf. on {A}I {P}lanning {S}ystems",
publisher="NIL",
pages="189--197"}

@inproceedings{Pratt76,
author="Vaughn Pratt",
year="1976",
title="{S}emantical considerations on {F}loyd-Hoare logic",
booktitle="{P}roc. {I}EEE {S}ymp. on {F}oundations of {C}omp. {S}ci. \bf 17",
pages="102--121"}

@article{Putnam75,
author="Hilary Putnam",
year="1975",
title="{T}he meaning of `meaning",
journal="{\it Language, Mind, and Knowledge: Minn. Stud. in Phil. of Sci }",
volume="7",
pages="215--271",
note="'  In K. Gunderson (ed.) Also in Putnam 1975"}

@book{Putnam75,
author="Hilary Putnam",
year="1975",
title="{M}ind, {L}anguage, and {R}eality: {P}hilosophical {P}apers, {V}ol. 2",
publisher="Cambridge University Press"}

@book{Putnam88,
author="Hilary Putnam",
year="1988",
title="{R}epresentation and reality",
publisher="MIT Press",
location="Cambridge, Mass. "}

@book{Pylyshyn85,
author="Zenon Pylyshyn",
year="1985",
title="{C}omputation and Cognition: Toward a Foundation    for Cognitive Science",
publisher="MIT Press",
location="Cambridge"}

@book{Pylyshyn87,
editor="Zenon Pylyshyn",
year="1987",
title="{T}he {R}obot's {D}ilemma: {T}he {F}rame {P}roblem and {O}ther {P}roblems of {H}olism in {A}rtificial {I}ntelligence",
publisher="Ablex Publishing Co",
location="Norwood, N.J."}

@inproceedings{Rabiner89,
author="Lawrence R. Rabiner",
year="1989",
title="{A} tutorial on hidden {M}arkov models and selected applications in speech recognition",
booktitle="{P}roc. {I}EEE \bf 77 \rm(2)",
pages="257--285"}

@book{Raiffa68,
author="Howard Raiffa",
year="1968",
title="{D}ecision {A}nalysis: {I}ntroductory {L}ectures on    {C}hoices under {U}ncertainty",
publisher="Addison-Wesley"}

@article{Ready86,
author="J.F. Ready",
year="1986",
title="{V}RTX: {A} realt-time operating system for embedded microprocessor applications",
journal="{\it IEEE Micro }",
volume="6",
pages="8--17"}

@inproceedings{Reif79,
author="John Reif",
year="1979",
title="{C}omplexity of the {M}over's {P}roblem and {G}eneralizations",
booktitle="{P}roc. {I}EE {S}ymp. on {F}oundations of {C}omputer {S}cience \bf 20",
pages="421--427"}

@incollection{Reiter78,
author="Ray Reiter",
year="1978",
title=" On closed world data bases",
editor="H. Gallaire and J. Minker",
booktitle="{L}ogic and {D}atabases",
publisher="Plenum Press",
note="."}

@article{Reiter80,
author="Ray Reiter",
year="1980",
title="{A} logic for default reasoning",
journal="{\it Artificial Intelligence }",
volume="13",
pages="81--132"}

@inproceedings{Reiter82,
author="Ray Reiter",
year="1982",
title="{C}ircumscription implies predicate completion (sometimes)",
booktitle="{P}roc. {A}AAI \bf 2",
pages="418--420"}

@article{Requicha80,
author="Aristides A.G. Requicha",
year="1980",
title="{R}epresentations for rigid solids: theory, methods, and systems",
journal="{\it ACM Computing Surveys }",
volume="12",
pages="437--464"}

@book{Reuleaux76,
author="Franz Reuleaux",
year="1876",
title="{T}he {K}inematics of {M}achinery",
publisher="Macmillan and Co",
location="London"}

@book{Rich83,
author="Elaine Rich",
year="1983",
title="{A}rtificial Intelligence",
publisher="McGraw-Hill Book Company",
location="New York"}

@book{RichKnight91,
author="Elaine Rich and Kevin Knight",
year="1991",
title="{A}rtificial {I}ntelligence",
publisher="McGraw-Hill Book Company",
location="New York",
note="second edition"}

@inproceedings{RivestSloan88,
author="Ronald L. Rivest and Robert Sloan",
year="1988",
title="{L}earning complicated concepts reliably and usefully",
booktitle="{P}roc. {A}AAI \bf 7",
pages="635--640"}

@article{Robinson65,
author="J.A. Robinson",
year="1965",
title="{A} machine-oriented logic based on the                       resolution principle",
journal="{\it J. ACM }",
volume="12",
number="1",
pages="23--41"}

@incollection{RobinsonWos69,
author="G. Robinson and L. Wos",
year="1969",
title="Paramodulation and theorem-proving in first-order theories with equality",
editor="Bernard Meltzer and Donald Michie",
booktitle="{M}achine {I}ntelligence 4",
publisher="Edinburgh University Press",
pages="135--150"}

@article{RosenkrantzEtal77,
author="Daniel J. Rosenkrantz and Richard E. Stearns and Philip M. Lewis II",
year="1977",
title="{A}n  analysis of several heuristics for the traveling salesman problem",
journal="{\it SIAM  J. Comput }",
volume="6",
number="3",
pages="563--581"}

@inproceedings{Rosenschein81,
author="Stanley J. Rosenschein",
year="1981",
title="{P}lan synthesis: a logical perspective",
booktitle="{P}roc. {I}JCAI \bf 7",
pages="331--337"}

@inproceedings{Rosenschein89,
author="Stanley J. Rosenschein",
year="1989",
title="{S}ynthesizing information-tracking automata from environment descriptions",
booktitle="{P}roc. {I}nt. {C}onf. on {P}rinciples of {K}nowledge {R}epresentation and {R}easoning \bf 1",
pages="386--393",
note="Toronto"}

@article{Rosenthal86,
author="David Rosenthal",
year="1986",
title="{T}wo concepts of consciousness",
journal="{\it Phil. Studies }",
volume="49",
pages="329--359"}

@techreport{Rosenthal90,
author="David Rosenthal",
year="1990",
title="{A} theory of consciousness",
institution="University of Bielefeld Mind and Brain",
number="40",
note="Perspectives in Theoretical Psychology and Philosophy of Mind (ZiF)"}

@article{Rosenthal93,
author="David Rosenthal",
year="1993",
title="{H}igher-order thoughts and the appendage theory of consciousness",
journal="{\it Phil. Psych }",
volume="6",
pages="155--166"}

@book{Rouner83,
editor="Leroy S. Rouner",
year="1983",
title="{F}oundations of {E}thics",
publisher="University of Notre Dame Press",
location="Notre Dame",
note="Volume 4 in Boston University Studies in Philosophy and Religion"}

@book{Royden88,
author="H.L. Royden",
year="1988",
title="{R}eal {A}nalysis",
publisher="Macmillan Publishing Company",
location="New York"}

@book{RumelhartEtal86,
author="David E. Rumelhart and James L. McClelland and the PDP Research Group",
year="1986",
title="{P}arallel {D}istributed {P}rocessing: {E}xplorations in the {M}icrostructure of {C}ognition",
publisher="The MIT Press",
location="Cambridge, Mass."}

@techreport{Russell85,
author="Stuart Russell",
year="1985",
title="{T}he compleat guide to {M}RS",
institution="Stanford CS Department",
number="85-1080"}

@inproceedings{RussellWefald89,
author="Stuart Russell and Eric Wefald",
year="1989",
title="{O}n optimal game-tree search using rational meta-reasoning",
booktitle="{P}roc. {I}jcai \bf 11",
pages="334--340"}

@article{RussellWefald91,
author="Stuart Russell and Eric Wefald",
year="1991",
title="{P}rinciples of metareasoning",
journal="{\it Artificial Intelligence\/ }",
volume="49",
number="1--3",
pages="361--395"}

@article{Russinoff85,
author="D.M. Russinoff",
year="1985",
title="{A}n experiment with the {B}oyer-Moore theorem prover: a proof of {W}ilson's theorem",
journal="{\it J. of Automated Reasoning\/}",
note="1:121--139"}

@book{Sacerdoti77,
author="Earl Sacerdoti",
year="1977",
title="{A} Structure for Plans and Behavior",
publisher="American Elsevier Publishing Company, Inc"}

@book{SageMelsa71,
author="Andrew P. Sage and James L. Melsa",
year="1971",
title="Estimation Theory with Applications to Communications and Control",
publisher="McGraw-Hill Book Company",
location="New York"}

@misc{Salmon67,
author="Wesley C. Salmon",
year="1967",
title=" The foundations of scientific inference",
note="University   of Pittsburgh Press"}

@book{Salmon70,
editor="Wesley C. Salmon",
year="1970",
title="{S}tatistical {E}xplanation and {S}tatistical   {R}elevance",
publisher="University of Pittsburgh Press"}

@incollection{Salmon70b,
author="Wesley C. Salmon",
year="1970",
title="Statistical explanation",
editor="Wesley C. Salmon",
booktitle="{S}tatistical {E}xplanation and {S}tatistical   {R}elevance",
publisher="University of Pittsburgh Press",
pages="29--87"}

@incollection{Salmon75,
author="Wesley C. Salmon",
year="1975",
title="Theoretical explanation",
editor="Stephan Koerner",
booktitle="{E}xplanation",
publisher="Yale University Press",
pages="118--145"}

@article{Samet84,
author="Hanan Samet",
year="1984",
title="{T}he quadtree and related hierarchical data structures",
journal="{\it Computing Surveys }",
volume="16",
number="2",
pages="187--260"}

@article{Samet85,
author="Hanan Samet",
year="1985",
title="{D}ata structures for quadtree approximation and compression",
journal="{\it Comm. ACM}",
pages="973--993"}

@article{SametWebber88,
author="Hanan Samet and Robert E. Webber",
year="1988",
title="{H}ierarchical data structures and algorithms for computer graphics; {P}art {I}: {F}undamentals",
journal="{\it IEEE.  Comp. Graphics and Applications}",
pages="48--68",
note="May"}

@article{SametWebber88,
author="Hanan Samet and Robert E. Webber",
year="1988",
title="{H}ierarchical data structures and algorithms for computer graphics; {P}art {I}I: {A}pplications",
journal="{\it IEEE.  Comp. Graphics and Applications}",
pages="59--75",
note="July"}

@inproceedings{Schlimmer87,
author="Jeffrey C. Schlimmer",
year="1987",
title="{L}earning and representation change",
booktitle="{P}roc. {A}AAI \bf 6",
pages="511--515"}

@inproceedings{Schoenfeld85,
author="Wolfgang Schoenfeld",
year="1985",
title="{P}rolog extensions based on tableau calculus",
booktitle="{P}roc. {I}jcai \bf 9",
pages="730--732"}

@inproceedings{Schoppers87,
author="Marcel Schoppers",
year="1987",
title="{U}niversal plans for reactive robots in unpredictable environments",
booktitle="{P}roc. {I}jcai \bf 10",
pages="1039--1046"}

@inproceedings{Schoppers92,
author="Marcel Schoppers",
year="1992",
title="{B}uilding plans to monitor and exploit open-loop and closed-loop dynamics",
booktitle="{P}roc. {A}IPS-92",
pages="204--213"}

@article{Science92,
author="{\it Science}",
year="1992",
title="{C}omputing in science",
journal="{\it Science }",
volume="261",
pages="801--956"}

@article{Searle80,
author="John R. Searle",
year="1980",
title="{M}inds, brains, and program",
journal="{\it The Behavioral and Brain Sciences }",
volume="3",
pages="417--424"}

@book{Searle92,
author="John R. Searle",
year="1992",
title="{T}he {R}ediscovery of the {M}ind",
publisher="MIT Press",
location="Cambridge, Mass."}

@book{Shafer76,
author="Glenn Shafer",
year="1976",
title="{A} {M}athematical {T}heory of {E}vidence",
publisher="Princeton University Press"}

@unpublished{Shankar87,
author="N. Shankar",
year="1987",
title="{A} mechanical proof of the {C}hurch-Rosser theorem"}

@incollection{Shapiro85,
author="Ehud Shapiro",
year="1985",
title="Systems programming in Concurrent PROLOG",
editor="M. van Caneghem and D.H.D. Warren",
booktitle="{L}ogic {P}rogramming and {I}ts {A}pplications",
publisher="Ablex Publishing Company",
pages="50--76"}

@book{ShapiroMcKay80,
author="S.C. Shapiro and D.P. McKay",
year="1980",
title="{I}nference with recursive rules",
publisher="{Proc. AAAI \bf 1}",
pages="151--153"}

@article{ShepardMetzler71,
author="Roger N. Shepard and Jacqueline Metzler",
year="1971",
title="{M}ental rotation of three-dimensional    objects",
journal="{\it Science }",
volume="171",
pages="701--703"}

@book{Shepherd88,
author="Gordon Shepherd",
year="1988",
title="{N}eurobiology",
publisher="Oxford University Press",
note="(Second edition)"}

@inproceedings{Shoham85,
author="Yoav Shoham",
year="1985",
title="{N}aive kinematics: one aspect of shape",
booktitle="{P}roc. {I}jcai \bf 9",
note="436-442"}

@inproceedings{Shoham86,
author="Yoav Shoham",
year="1986",
title="{R}eified temporal logics: semantical and ontological considerations",
booktitle="{P}roc. {E}CAI \bf 7"}

@inproceedings{Shoham86,
author="Yoav Shoham",
year="1986",
title="{C}hronological ignorance: time, nonmonotonicity, necessity, and causal theories",
booktitle="{P}roc. {A}AAI \bf 5",
pages="389--393"}

@incollection{Shoham87,
author="Yoav Shoham",
year="1987",
title="{W}hat is the frame problem",
booktitle="{P}roc. {K}ansas {W}orkshop on the {F}rame {P}roblem",
editor="F. Brown"}

@phdthesis{Shoham88,
author="Yoav Shoham",
year="1988",
title="{R}easoning about {C}hange:  {T}ime and {C}ausation from the {S}tandpoint of {A}rtificial   {I}ntelligence",
institution="Yale Computer Science Published by MIT Press"}

@inproceedings{ShohamMcDermott84,
author="Yoav Shoham and Drew McDermott",
year="1984",
title="{K}nowledge inversion",
booktitle="{P}roc. {A}AAI \bf 4",
pages="295--299"}

@article{ShohamMcDermott88,
author="Yoav Shoham and Drew McDermott",
year="1988",
title="{P}roblems in formal temporal reasoning",
journal="{\it Artificial Intelligence }",
volume="36",
number="1",
pages="49--62"}

@book{Shortliffe76,
author="Edward H. Shortliffe",
year="1976",
title="{C}omputer-Based {M}edical {C}onsultations: {M}YCIN",
publisher="American Elsevier"}

@article{Shostak79,
author="Robert Shostak",
year="1979",
title="{A} practical decision procedure for arithmetic with function symbols",
journal="{\it JACM }",
volume="26",
number="2",
pages="351--360"}

@incollection{Sibert69,
author="E.E. Sibert",
year="1969",
title="A machine-oriented logic incorporating the equality relation",
editor="Bernard Meltzer and Donald Michie",
booktitle="{M}achine {I}ntelligence 4",
publisher="Edinburgh University Press",
pages="103--133"}

@incollection{Silber83,
author="John R. Silber",
year="1983",
title="Kant and the mythic roots of morality",
editor="Leroy S. Rouner",
booktitle="{F}oundations of {E}thics",
publisher="University of Notre Dame Press",
location="Notre Dame",
pages="15--36"}

@techreport{Simmons88,
author="Reid Gordon Simmons",
year="1988",
title="{C}ombining Associational and Causal Reasoning to Solve Interpretation and Planning Problems",
institution="MIT AI Laboratory",
number="1048"}

@inproceedings{Simmons88,
author="Reid Gordon Simmons",
year="1988",
title="{A} theory of debugging plans and interpretations",
booktitle="{P}roc. {A}AAI\/ \bf 7",
pages="94--99"}

@incollection{Simmons90,
author="Reid Gordon Simmons",
year="1990",
title="An architecture for coordinating planning, sensing, and action",
editor="Katia Sycara",
booktitle="{P}roceedings of the {W}orkshop on {I}nnovative {A}pproaches to {P}lanning, {S}cheduling, and {C}ontrol",
publisher="Morgan Kaufmann Publishers, Inc",
location="San Mateo",
pages="292--297"}

@inproceedings{Simmons90,
author="Reid Gordon Simmons",
year="1990",
title="{C}oncurrent planning and execution for a walking robot",
booktitle="{P}roc. {I}EEE {C}onf. on {R}obotics and {A}utomation",
pages="300--305"}

@article{Simmons92,
author="Reid G. Simmons",
year="1992",
title="{T}he roles of associational and causal reasoning in problem solving",
journal="{\it Artificial Intelligence }",
volume="53",
number="2--3",
pages="159--207"}

@inproceedings{SimmonsKoenig95,
author="Reid Simmons and Sven Koenig",
year="1995",
title="{P}robabilistic navigation in partially observable environments",
booktitle="{P}roc. {I}jcai"}

@inproceedings{SmithPeot93,
author="David E. Smith and Mark A. Peot",
year="1993",
title="{P}ostponing threats in partial-order planning",
booktitle="{P}roc. {A}AAI \bf 11",
pages="500--506"}

@article{SmithCheeseman86,
author="R.C. Smith and P. Cheeseman",
year="1986",
title="{O}n the representation and estimation of spatial uncertainty",
journal="{\it Int. J. of Robotics Research }",
volume="5",
number="4",
pages="56--68"}

@inproceedings{SmithEtal86,
author="R.C. Smith and M. Self and P. Cheeseman",
year="1986",
title="{E}stimating uncertain spatial relationships in robotics",
booktitle="{P}roc. {W}orkshop on {U}ncertainty in {A}I \bf 2"}

@article{StallmanSussman77,
author="Richard M. Stallman and Gerald J. Sussman",
year="1977",
title="{F}orward reasoning and dependency-directed backtracking in a system for computer-aided circuit analysis",
journal="{\it Artificial Intelligence }",
volume="9",
number="2",
pages="135--196"}

@techreport{Steele78,
author="Guy L. Steele",
year="1978",
title="{R}ABBIT: a compiler for {S}CHEME",
institution="MIT AI Laboratory",
number="474"}

@article{Stefik80a,
author="Mark Stefik",
year="1980",
title="{P}lanning with constraints",
journal="{\it Artificial Intelligence }",
volume="16",
number="2",
pages="111--139"}

@article{Stefik80b,
author="Mark Stefik",
year="1980",
title="{P}lanning and meta-planning",
journal="{\it Artificial Intelligence }",
volume="16",
number="2",
pages="141--187"}

@article{StevensCoupe78,
author="Albert Stevens and Patty Coupe",
year="1978",
title="{D}istortions in judged spatial relations",
journal="{\it Cognitive Psychology }",
volume="10",
pages="422--437"}

@inproceedings{StewartEtal90,
author="David B. Stewart and Donald E. Schmitz and Pradeep K. Khosla",
year="1990",
title="{I}mplementing real-time robotic systems using {C}HIMERA {I}I",
booktitle="{P}roc. {I}EEE {I}nt. {C}onf. on {R}obotics and {A}utomation",
note="Cincinatti"}

@inproceedings{Stickel82,
author="Mark Stickel",
year="1982",
title="{A} nonclausal connection-graph resolution theorem-proving program",
booktitle="{P}roc. {A}AAI \bf 2",
pages="229--233"}

@techreport{StolckeOmohundro94,
author="Andreas Stolcke and Stephen M. Omohundro",
year="1994",
title="{B}est-first model merging for hidden {M}arkov model induction",
institution="University of  California at Berkeley",
number="94-003"}

@book{Stoy77,
author="Joseph E. Stoy",
year="1977",
title="{D}enotational {S}emantics",
publisher="MIT Press",
location="Cambridge, Mass."}

@book{Suppes57,
author="Patrick Suppes",
year="1957",
title="{I}ntroduction to {L}ogic",
publisher="C. Van Nostrand Co",
location="Princeton"}

@book{Sussman75,
author="Gerald J. Sussman",
year="1975",
title="{A} Computer Model of Skill Acquisition",
publisher="American Elsevier Publishing Company"}

@article{SussmanMcDermott72,
author="Gerald J. Sussman and Drew McDermott",
year="1972",
title="{F}rom {P}LANNER to {C}onniver, a genetic approach",
journal="{\it  Fall Joint Computer Conference }",
volume="41"}

@techreport{SussmanEtal71,
author="Gerald J. Sussman and Terry Winograd and Eugene Charniak",
year="1971",
title="{M}icro-Planner {R}eference {M}anual",
institution="MIT AI Laboratory",
number="203A"}

@article{Sutton88,
author="Richard Sutton",
year="1988",
title="{L}earning to predict by the method of temporal differences",
journal="{\it Machine Learning }",
volume="3\rm(1)",
pages="9--44"}

@book{Sycara90,
editor="Katia Sycara",
year="1990",
title="{P}roceedings of the {W}orkshop on {I}nnovative {A}pproaches to {P}lanning, {S}cheduling, and {C}ontrol",
publisher="Morgan Kaufmann Publishers, Inc",
location="San Mateo"}

@techreport{Szeliski88,
author="Richard Stephen Szeliski",
year="1988",
title="{B}ayesian Modeling of Uncertainty in Low-level Vision",
institution="Carnegie-Mellon Computer Science Dept",
number="88-169"}

@techreport{TagareMcDermott94,
author="Hemant Tagare and Drew McDermott",
year="1994",
title="{M}odel-Based {E}dge {S}election for 2-{D} {O}bject {R}ecognition",
institution="Yale Computer Science Department",
number="1044",
note="Submitted to CVGIP"}

@inproceedings{TagareMcDermott96,
author="Hemant Tagare and Drew McDermott",
year="1996",
title="{M}odel-Based {P}ose {P}roposal for 2-{D} {O}bject {R}ecognition",
booktitle="{P}roc. 13th {B}razilian {A}I {C}onference"}

@unpublished{TagareEtal97,
author="Hemant Tagare and Drew McDermott and Hong Xiao",
year="1997",
title="{V}isual place recognition for autonomous robots"}

@techreport{Tate75,
author="Austin Tate",
year="1975",
title="{P}roject planning using a hierachic non-linear planner",
institution="University of Edinburgh AI Dept",
number="25"}

@inproceedings{Tate77,
author="Austin Tate",
year="1977",
title="{G}enerating project networks",
booktitle="{P}roc. {I}JCAI \bf 5",
pages="888--893"}

@incollection{Tate86,
author="Austin Tate",
year="1986",
title="Goal structure, holding periods, and ``clouds",
editor="Amy L. Lansky and Michael P. Georgeff",
booktitle="{P}roc. of the Workshop on Planning and Reasoning about Action",
publisher="Published by SRI AI Center",
pages="165--174"}

@inproceedings{TaylorKriegman93,
author="Camillo J. Taylor and David J. Kriegman",
year="1993",
title="{E}xploration strategies for mobile robots",
booktitle="{P}roc. {I}EEE {I}nt'l. {C}onf. on {R}obots and {A}utomation"}

@article{Tesauro89,
author="Gerald Tesauro",
year="1989",
title="{N}eurogammon wins computer olympiad",
journal="{\it Neural Computation }",
volume="1",
number="3",
pages="321--323"}

@article{TesauroSejnowski89,
author="Gerald Tesauro and Terrence Sejnowski",
year="1989",
title="{A} parallel network that learns to play backgammon",
journal="{\it Artificial Intelligence }",
volume="39",
number="3",
pages="357--390"}

@incollection{ThiebauxHertzberg92,
author="Sylvie Thi\'ebaux and J.~Hertzberg",
year="1992",
title="{A} semi-reactive planner based on a possible models action formalization",
booktitle="{P}roc. {F}irst {I}nt. {C}onf. on {A}I {P}lanning {S}ystems",
editor="James Hendler",
publisher="Morgan Kaufmann",
location="San Mateo",
pages="228--235"}

@book{Inc86,
author="Thinking Machines Inc",
year="1986",
title="{T}he {E}ssential *{L}ISP {M}anual",
publisher="Thinking Machines Inc",
location="Cambridge",
note="release 1, revision 7"}

@inproceedings{Thorpe84,
author="Charles Thorpe",
year="1984",
title="{P}ath relaxation: {P}ath planning for a mobile robot",
booktitle="{P}roc. {A}AAI \bf 3",
pages="318--321"}

@article{ThorpeEtal88,
author="Charles Thorpe and Martial H. Hebert and Takeo Kanade and Steven Shafer",
year="1988",
title="{V}ision and navigation for the {C}arnegie-Mellon {N}avlab",
journal="{\it IEEE Trans. on Pattern Analysis and Machine Intelligence }",
volume="10",
number="3",
pages="362--373"}

@incollection{ThrunEtal97,
author={Sebastian Thrun and Arno B\"ucken and Wolfram Burgard and Dieter Fox and Thorsten Fr\"ohlinghaus and Daniel Hennig and Thomas Hofmann and Michael Krell and Timo Schmidt},
year="1997",
title="{M}ap learning and high-speed navigation in {R}HINO",
booktitle="{A}I-based {M}obile {R}obots: {C}ase {S}tudies of {S}uccessful {R}obot {S}ystems",
editor="D. Kortenkamp, R.P. Bonasso, and R.R. Murphy",
note="1997 Cambridge, Mass.: MIT Press"}

@techreport{TurneySegre89,
author="Jennifer Turney and Alberto Segre",
year="1989",
title="{A} framework for learning in planning domains with uncertainty",
institution="Cornell Department of Computer Science",
number="89-1009"}

@article{TverskyKahneman74,
author="Amos Tversky and Daniel Kahneman",
year="1974",
title="{J}udgement under uncertainty: heuristics and biases",
journal="{\it Science }",
volume="185",
pages="1124--31",
note="September"}

@techreport{Army71,
author="U.S. Army",
year="1971",
title="{C}ombat {I}ntelligence",
institution="Department of the Army",
number="30-5"}

@article{vanBeek92,
author="Peter van Beek",
year="1992",
title="{R}easoning about qualitative temporal information",
journal="{\it Artificial Intelligence \it 1--3}",
volume="58",
pages="297--326"}

@book{vanCaneghemWarren85,
editor="M. van Caneghem and D.H.D. Warren",
year="1985",
title="{L}ogic {P}rogramming and {I}ts {A}pplications",
publisher="Ablex Publishing Company"}

@inproceedings{VelosoBlythe94,
author="Manuela Veloso and James Blythe",
year="1994",
title="{L}inkability: examining causal link commitments in partial-order planning",
booktitle="{P}roc. {A}IPS-94"}

@article{VelosoCarbonell93,
author="Manuela Veloso and Jaime Carbonell",
year="1993",
title="{D}erivational analogy in {\sc {P}RODIGY}: automating case acquisition, storage, and utilization",
journal="{\it Machine Learning }",
volume="10",
pages="249--278"}

@article{VelosoStone95,
author="Manueal Veloso and P. Stone",
year="1995",
title="``{F}LECS: {P}lanning with a {F}lexible {C}ommitment {S}trategy",
journal="{\it J. of Art. Intel. Res }",
volume="3",
pages="25--52",
note="''"}

@article{Vere83,
author="Steven Vere",
year="1983",
title="{P}lanning in time: windows and durations             for activities and goals",
journal="{\it IEEE Trans. on Pattern Analysis and Machine             Intelligence }",
volume="PAMI-5",
number="3",
pages="246--267"}

@incollection{Waldinger77,
author="Richard Waldinger",
year="1977",
title="Achieving several goals simultaneously",
editor="E. Elcock and D. Michie",
booktitle="{M}achine {I}ntelligence \bf 8",
publisher="Ellis Horwood",
location="Edinburgh",
note="Also in Nilsson and Webber (eds.)  1981  {\booktit Readings in \C.Artificial \C.Intelligence}, Palo Alto: Tioga  Publishing",
pages="94--136"}

@article{Walter50,
author="W. Grey Walter",
year="1950",
title="{A}n imitation of life",
journal="{\it Scientific American { } }",
volume="182",
number="5",
note="p.~42"}

@inproceedings{Walther83,
author="Christoph  Walther",
year="1983",
title="{A} many-sorted calculus based on resolution and paramodulation",
booktitle="{P}roc. {I}jcai \bf 8",
pages="882--891"}

@inproceedings{Walther84,
author="Christoph Walther",
year="1984",
title="{A} mechanical solution of {S}chubert's steamroller by many-sorted resolution",
booktitle="{P}roc. {A}AAI \bf 4",
pages="330--334"}

@article{Walther88,
author="Christoph Walther",
year="1988",
title="{M}any-sorted unification",
journal="{\it J. ACM }",
volume="35",
number="1",
pages="1--17"}

@techreport{Warren74,
author="David H.D. Warren",
year="1974",
title="{W}ARPLAN: a system for generating plans",
institution="University of Edinburgh Department of Computational Logic",
number="76"}

@inproceedings{Warren76,
author="David H.D. Warren",
year="1976",
title="{G}enerating conditional plans and programs",
booktitle="{P}roc. {A}ISB {S}ummer {C}onf",
pages="344--354"}

@phdthesis{Watkins89,
author="Christopher C.J.H. Watkins",
year="1989",
title="{L}earning from Delayed Rewards",
institution="King's College"}

@article{Weld85,
author="Daniel Weld",
year="1985",
title="{C}ombining discrete and continuous process models",
journal="{\it Proc Ijcai }",
volume="9",
note="140-143"}

@misc{Weld85,
author="Daniel Weld",
year="1985",
title=" Issues in the automatic description of complex mechanical devices, Xerox PARC Working paper",
note="NIL"}

@article{Weld86,
author="Daniel Weld",
year="1986",
title="{T}he use of aggregation in causal simulation",
journal="{\it Artificial Intelligence }",
volume="30",
number="1",
pages="1--34"}

@techreport{Weld87,
author="Daniel Weld",
year="1987",
title="{C}omparative analysis",
institution="MIT AI Laboratory",
number="951",
note="To appear in {\it Artificial Intelligence}"}

@article{Weld94,
author="Daniel Weld",
year="1994",
title="{A}n introduction to least-commitment planning",
journal="{\it AI Magazine}"}

@book{Wilensky83,
author="Robert Wilensky",
year="1983",
title="{P}lanning and Understanding",
publisher="Addison-Wesley",
location="Reading, Mass."}

@article{Wilkins84,
author="David Wilkins",
year="1984",
title="{D}omain independent planning:              representation and plan generation",
journal="{\it Artificial Intelligence}"}

@book{Wilkins88,
author="David Wilkins",
year="1988",
title="{P}ractical Planning: Extending the Classical {A}I Planning Paradigm",
publisher="Morgan Kaufmann Publishers, Inc",
location="San Mateo, CA"}

@book{WinstonBrown79,
author="Patrick H. Winston and Richard H. Brown",
year="1979",
title="{A}rtificial {I}ntelligence: an {M}IT {P}erspective \bf 1",
publisher="MIT Press"}

@book{Wittgenstein53,
author="Ludwig Wittgenstein",
year="1953",
title="{P}hilosophical {I}nvestigations",
publisher="The MacMillan Company",
location="New York"}

@incollection{Woods75,
author="William A. Woods",
year="1975",
title=" What's in a link? Foundations for semantic networks",
editor="Daniel G. Bobrow and Allan Collins",
booktitle="{R}epresentation and {U}nderstanding",
publisher="Academic Press",
location="New York"}

@inproceedings{WosEtal80,
author="Larry Wos and Ross Overbeek and Lawrence J. Henschen",
year="1980",
title="{H}yperparamodulation: a refinement of paramodulation",
booktitle="{P}roc. {C}onf. on {A}utomatic {D}eduction, 5th, {L}es {A}rcs",
pages="208--219"}

@book{WosEtal84,
author="Larry Wos and Ross Overbeek and Ewing Lusk and Jim Boyle",
year="1984",
title="{A}utomated {R}easoning: {I}ntroduction and {A}pplications",
publisher="Prentice-Hall, Inc"}

@article{WosEtal83,
author="Larry Wos and Steven Winker and R. Veroff and B. Smith and L. Henschen",
year="1983",
title="{Q}uestions concerning possible shortest single axioms for the equivalential calculus: an application of automated theorem proving to infinite domains",
journal="{\it Notre Dame J. of Formal Logic }",
volume="24",
number="2",
pages="205--223"}

@techreport{Wrightson84,
author="Graham Wrightson",
year="1984",
title="{S}emantic tableaux, unification, and links",
institution="University of Wellington",
number="84-001"}

@techreport{Yang89,
author="Qiang Yang",
year="1989",
title="{I}mproving the efficiency of planning",
institution="University of Waterloo Mathematics Department",
number="89-34",
note="(Also a Ph.D. thesis from the University of Maryland)"}

@article{Yeap88,
author="W.K. Yeap",
year="1988",
title="{T}owards a computational theory of cognitive maps",
journal="{\it Artificial Intelligence }",
volume="34",
number="3",
pages="297--360"}

@inproceedings{YuZhengEtal91,
author="Jian YuZheng and Matthew Barth and Saburo Tsuji",
year="1991",
title="{A}utonomous landmark selection for route recognition by a mobile robot",
booktitle="{P}roc. {I}EEE {C}onf. on {R}obotics and {A}utomation",
pages="2004--2009"}

@article{ZhangFaugeras92,
author="Zhengyou Zhang and Olivier Faugeras",
year="1992",
title="{A} 3{D} world model builder with a mobile robot",
journal="{\it Int. J. of Robotics Res }",
volume="11",
number="4",
pages="269--285"}

@article{ZwebenEtal93,
author="Monte Zweben and E. Davis and B. Daun and M. Deale",
year="1993",
title="{S}cheduling and {R}escheduling with {I}terative {R}epair",
journal="{\it  IEEE Transactions on Systems, Man, and   Cybernetics }",
volume="23",
number="6",
pages="1588--1597"}

@incollection{ZwebenEtal90,
author="Monte Zweben and Michael Deale and Robert Gargan",
year="1990",
title="Anytime rescheduling",
editor="Katia Sycara",
booktitle="{P}roceedings of the {W}orkshop on {I}nnovative {A}pproaches to {P}lanning, {S}cheduling, and {C}ontrol",
publisher="Morgan Kaufmann Publishers, Inc",
location="San Mateo",
pages="251--259"}

@book{ZwebenFox94,
author="Monte Zweben and Mark S. Fox",
year="1994",
title="{I}ntelligent {S}cheduling",
publisher="Morgan Kaufmann Publishers, Inc",
location="San Franciso"}

