%Bibliografia Capitulo 1

@article{gbraun:wicc2011,
    author = "{Braun, G., Moya, M. and Parra, G.}",
    title = "{Sistemas Multiagentes en Ambientes Din\'amicos: Pla\-ni\-fi\-ca\-ci\'on Continua mediante PDDL}",
    journal = "XIII Workshop de Investigaci\'on en Ciencias de la Computaci\'on",
    year = 2011}


%Bibliografia Capitulo 2

@article{fn:str,
    author = "{Fikes, R. and Nilsson, N.}",
    title = "{STRIPS: A new approach to the application of theorem proving to problem solving}",
    journal = "J. Artificial Intelligence",
    year = 1971,
    volume = 2,
    pages = "189-208"}


@techreport{mder:pddl,
    author = "{McDermott, D.}",
    title = "{PDDL, the Planning Domain Definition Language}",
    institution = "Yale Center for Computational Vision and Control",
    year = 1998}


@book{gbraun:lisp,
 author = "{Steele, Jr. and Guy, L.}",
 title = "{Common LISP: the language (2nd ed.)}",
 year = {1990},
 publisher = {Digital Press},
 address = {Newton, MA, USA},
} 

@inproceedings{gbraun:Pednault:1989:adl,
 author = "{Pednault, E.}",
 title = "{ADL: exploring the middle ground between STRIPS and the situation calculus}",
 booktitle = {Proceedings of the First International Conference on Principles of knowledge representation and reasoning},
 year = {1989},
 pages = {324--332},
} 

@InCollection{gbraun:McCHay69,
author = "{McCarthy, J. and Hayes, P.}",
title = "Some Philosophical Problems from the Standpoint of
Artificial Intelligence",
booktitle = "Machine Intelligence 4",
pages = "463--502",
year = "1969",
}

@MANUAL{gbraun:AICPub443:1997,
  AUTHOR="{Wilkins, D. E.}",
  TITLE="{Using the SIPE-2 Planning System: A Manual for Version 4.17}",
  INSTITUTION={AI Center, SRI International},
  ORGANIZATION={SRI International Artificial Intelligence Center},
  YEAR={1997},
}

@INPROCEEDINGS{gbraun:1994:umcp,
    author = "{Kutluhan, E., Hendler, J. and Nau, D.S.}",
    title = "{UMCP: A Sound and Complete Procedure for Hierarchical Task-Network Planning}",
    booktitle = {Proccedings of the 2nd International Conference on AI Planning Systems},
    year = {1994},
    pages = {249--254}
}

@phdthesis{gbaun:Erol:1996:HTN:238496,
 author = "{Kutluhan, E.}",
 title = "{Hierarchical task network planning: formalization, analysis, and implementation}",
 year = {1996},
 publisher = {University of Maryland at College Park},
} 


@TECHREPORT{gbraun:prodigy,
  title = "{PRODIGY 4.0: The Manual and Tutorial}",
  author    = "{Carbonell, J., Blythe, J., Etzioni, O., et al}",
  year = {1992},
}

@TECHREPORT{gbraun:ucpop,
  TITLE = "{UCPOP: User's Manual (Version 4.0)}",
  AUTHOR = "{Barrett, A.}",
  INSTITUTION = {Department of Computer Science and Engineering,
                 University of Washington},
  YEAR = {1995},
}

@TECHREPORT{gbraun:krsl,
  TITLE = "{Knowledge Representation Specification Language (KRSL)}",
  AUTHOR = "{Allen, J. and Lehrer, N.}",
  INSTITUTION = {DARPA Rome Laboratory Planning and Scheduling},
  YEAR = {1992},
}

@INPROCEEDINGS{gbraun:unpop,
    author = "{Mcdermott, D.}",
    title = "{A Heuristic Estimator for Means-Ends Analysis in Planning}",
    booktitle = {In Proc. Third Int. Conf. on AI Planning Systems (AIPS-96)},
    year = {1996},
    pages = {142--149}
}


@article{gbraun:pddl+,
  author    = "{Fox, M. and
               Long, D.}",
  title     = "{Modelling Mixed Discrete-Continuous Domains for Planning}",
  journal   = {Journal of Artificial Intelligence Research},
  year      = {2011},
  pages = {235â€“297}
}

@TECHREPORT{gbraun:opt,
  TITLE = "{OPT Manual}",
  AUTHOR = "{Mcdermott, D.}",
  YEAR = {2005},
}

@techreport{gbraun:pddl12,
    author = "{McDermott, D., Ghallab, M., Howe, A., et al}",
    institution = {Yale Center for Computational Vision and Control},
    title = {{PDDL} {T}he {P}lanning {D}omain {D}efinition {L}anguage {V}ersion 1.2},
    year = {1998}
}

@article{gbraun:pddl211,
  author    = "{Fox, M. and
               Long, D.}",
  title     = "{PDDL2.1: An Extension to PDDL for Expressing Temporal Planning
               Domains}",
  journal   = {J. Artif. Intell. Res. (JAIR)},
  year      = {2003},
  pages     = {61-124},
}

@techreport{gbraun:pddl22,
  author = "{Edelkamp, S. and Hoffmann, J.}",
  title = "{PDDL2.2 The Language for the Classical Part of the 4th International Planning Competition}",
  institution = {ALbert Ludwigs University Institue for Informatik, Freiburg, Germany},
  year = {2003},
}

@techreport{gbraun:pddl30,
author = "{Gerevini, A. and Long, D.}",
title = "{Preferences and soft constraints in PDDL3}",
institution ={Department of Electronics for Automation, University of Brescia},
year = {2006}, 
}

@techreport{gbraun:pddl301,
author = "{Gerevini, A. and Long, D.}",
title = "{BNF Description of PDDL3.0}",
year = {2005},
}


@techreport{gbraun:pddl31,
    author = "{Kovacs, D.L.}",
    title = "{BNF definition of PDDL 3.1}",
    year = {2011},
}


@INPROCEEDINGS{gbraun:pop:1991,
    author = "{Mcallester, D. and Rosenblitt, D.}",
    title = "{Systematic Nonlinear Planning}",
    booktitle = {In Proceedings of the Ninth National Conference on Artificial Intelligence},
    year = {1991},
    pages = {634--639},
}

@book{gbraun:Rus09,
   author = "{Russell, S. and Norvig, P.}",
   title = "{Artificial Intelligence: A modern approach}",
   publisher = "Prentice Hall",
   address = "New Jersey",
   edition= "third",
   year = 2009}

%Bibliografia Capitulo 3

@misc{gbraun:swiweb,
    author = "{Wielemaker, J.}",
    title = "SWI-Prolog Home Page",
    howpublished = {Website},
    year = {1990},
    note = {\url{http://www.swi-prolog.org/}. Disponible en Septiembre de 2012.}
}

@misc{gbraun:prolog,
    author = "{Sas\'ak, R.}",
    title = "Planner Prolog",
    howpublished = "Website",
    year = {2009},
    note = {\url{http://artax.karlin.mff.cuni.cz/ ~sasar5am/pddl}. Disponible en Septiembre de 2012.}
}

@ARTICLE{gbraun:wam,
    author = "{Warren, D.H.D.}",
    title = "{An abstract Prolog instruction set}",
    journal = {SRI International},
    year = {1983}
}

@misc{gbraun:w3cRDF,
title = "{RDF 1.1 Concepts and Abstract Syntax}",
author = {World Wide Web Consortium (W3C)},
year = {2011},
howpublished = {Website},
note = {\url{http://www.w3.org/TR/2011/WD-rdf11-concepts-20110830/}. Disponible en Septiembre de 2012.},
}

@misc{gbraun:w3cRDFS,
title = "{RDF Vocabulary Description Language 1.0: RDF Schema}",
author = {World Wide Web Consortium (W3C)},
year = {2004},
howpublished = {Website},
note = {\url{http://www.w3.org/TR/2004/REC-rdf-schema-20040210/}. Disponible en Septiembre de 2012.},
}


@misc{gbraun:lgpl,
    author = "Free Software Foundation, Inc.",
    title = "{LGPL}",
    howpublished = {Website},
    year = {2007},
    note = {\url{http://www.gnu.org/licenses/lgpl.html}. Disponible en Septiembre de 2012.}
} 

@misc{gbraun:gpl,
    author = "{Free Software Foundation, Inc.}",
    title = "{GPL}",
    howpublished = {Website},
    year = {2007},
    note = {\url{http://www.gnu.org/copyleft/gpl.html}. Disponible en Septiembre de 2012.}
} 


@misc{gbraun:antlrtool,
    author = "{Parr, T.}",
    title = "ANTLR v3",
    howpublished = {Website},
    year = {1989},
    note = {\url{http://www.antlr.org}. Disponible en Septiembre de 2012.}
}


@misc{gbraun:graphplan,
    author = "{Blum, A. and Furst, M.}",
    title = "Graphplan",
    howpublished = "Website",
    year = {1995},
    note = {\url{http://www.cs.cmu.edu/~avrim/graphplan.html}. Disponible en Septiembre de 2012.}
}

@misc{gbraun:ebnf,
    author = "{International Organization for Standarization}",
    title = "{ISO/IEC 14977:1996}",
    howpublished = {Website},
    year = {1996},
    note = {\url{http://www.iso.org/iso/iso_catalogue/catalogue_tc/catalogue_detail.htm?csnumber=26153}. Disponible en Septiembre de 2012.}
} 

@misc{gbraun:bsd,
    author = "{Parr, T.}",
    title = "{The BSD License}",
    howpublished = {Website},
    year = {2010},
    note = {\url{http://www.antlr.org/license.html}. Disponible en Septiembre de 2012.}
}

@misc{gbraun:antlrwork,
    author = "{Bovet, J.}",
    title = "{ANTLRWorks: The ANTLR GUI Development Environment}",
    howpublished = {Website},
    year = {2010},
    note = {\url{http://www.antlr.org/works/index.html}. Disponible en Septiembre de 2012.}
} 

@misc{gbraun:antlrpddl,
    author = "{Saigol, Z.}",
    title = "{PDDL grammar for ANTLR v3}",
    howpublished = {Website},
    year = {2007},
    note = {\url{http://www.antlr.org/grammar/1172246598728/Pddl.g}. Disponible en Septiembre de 2012.}
}


@article{gbraun:Chomsky1956,
  author = "{Chomsky, N.}",
  journal = "{IRE Transactions on Information Theory}",
  pages = {113--124},
  title = "{Three models for the description of language}",
  volume = 2,
  year = 1956
}



@misc{gbraun:cecill,
    author = "{CEA, CNRS and INRIA}",
    title = "{CEA CNRS INRIA Logiciel Libre (CeCILL)}",
    howpublished = {Website},
    year = {2006},
    note = {\url{http://www.cecill.info/index.en.html}. Disponible en Septiembre de 2012.}
} 


@Book{poole:_artif_intel,
  author =	 "{Poole, D. and Mackworth, A.}",
  title = 	 "{Artificial Intelligence: Foundations of Computational Agents}",
  publisher = 	 {Cambridge University Press},
  year = 	 2010,
  edition = 	 {First}
}

%Bibliografia Capitulo 4



@MastersThesis{gbraun:tesisMarioMoya,
  author = 	 "{Moya, M.}",
  title = 	 "{Control de Agentes Basado en Planificaci\'on Continua}",
  school = 	 "{Universidad Nacional del Comahue}",
  year = 	 {2009},
  type = 	 "{Tesis de Licenciatura en Ciencias de la Computaci\'on}"
}


@InProceedings{moya09:_agent_delib_basad_en_contin,
  author = 	 "{Moya, M. and Vaucheret, C.}",
  title = 	 {Agentes Deliberativos Basados en Planificaci\'on Continua},
  booktitle = {X Workshop Agentes y Sistemas Inteligentes (WASI)},
  year = 	 2009,
  address = 	 {Martiarena esquina Italia - S.S. de Jujuy},
  month = 	 {Octubre},
  organization = {Universidad Nacional de Jujuy - Facultad de Ingenier\'ia}}


@InProceedings{moya08:_un_planif_contin_concur_para_agent_robot,
  author = 	 "{Moya, M. and Vaucheret, C.}",
  title = 	 "{Un Planificador Continuo Concurrente para Agentes Robots}",
  booktitle = {V Workshop de Inteligencia Artificial aplicada a la Rob\'otica M\'ovil},
  year = 	 2008,
  address = 	 {Buenos Aires 1400, Neuqu\'en, Argentina},
  organization = {Universidad Nacional del Comahue}}


@InProceedings{moya08:_planif_contin_como_contr_de_agent_robot,
  author = 	 "{Moya, M. and Vaucheret, C.}",
  title = 	 "{Planificador Continuo como Controlador de Agentes Robots}",
  booktitle = {X Workshop de Investigadores en Ciencias de la Computaci\'on},
  year = 	 2008,
  address = 	 {General Pico, La Pampa, Argentina},
  organization = {Universidad Nacional de la Pampa}
}


@techreport{ciao-reference-manual-tr,
  author =       "{Bueno, F., Cabeza, D., Carro, M., et al}",
  title =        "{The Ciao Prolog system. Reference manual}",
  institution =  {School of Computer Science, 
                  Technical University of Madrid (UPM)},
  year =         1997,
  month =        {August},
  number =       {{CLIP}3/97.1}
}

@InProceedings{kogan06:_aspec_de_y_de_del,
  author = 	 "{Kogan, P., Ya\~{n}ez, J., Campagnon, C. et al}",
  title = 	 "{Aspectos de dise\~{n}o y de implementaci\'on del equipo de f\'utbol con robots RAKIDUAM}",
  booktitle = {Proceedings del Campeonato Argentino de F\'utbol con
                  Robots (CAFR)},
  year = 	 2006,
  editor = 	 {Interamericana U. A.}}


@InProceedings{kogan07:_rakid,
  author = 	 "{Kogan, P., Moya, M., Torres, G., et al}",
  title = 	 {{RAKIDUAM}: {U}n {E}quipo de {F}\'utbol con {L}icencia {GNU} {G}eneral {P}ublic {L}icense},
  booktitle = {V Campeonato Argentino de F\'utbol con Robots},
  year = 	 2007}


@InProceedings{trevisani09:_rakid,
  author = 	 "{Trevisani, D., Braun, G., Moya, M., et al}",
  title = 	 {\mbox{RAKIDUAM}: sistema multiagentes para el f\'utbol
                  de robots},
  booktitle = {VII Campeonato Argentino de F\'utbol con Robots},
  year = 	 2009,
  address = {Cabildo 134, Mor\'on, Buenos Aires},
  organization = {Facultad de Inform\'atica, Ciencia de la Comunicaci\'on
                  y T\'ecnicas Especiales de la Universidad de Mor\'on }
}


@InProceedings{gbraun:cecchi09:_un_enfoq_basad_en_compet,
  author = 	 "{Cecchi, L., Vaucheret, C., Moya, M., et al}",
  title = 	 "{Un enfoque basado en competencias de sistemas
                  multiagentes para la ense\~{n}anza de Inteligencia
                  Artificial}",
  booktitle = {IV Congreso de Tecnolog\'ia en Educaci\'on y Educaci\'on
                  en Tecnolog\'ia},
  pages = 	 {372 -- 381},
  year = 	 2009,
  address = 	 {La Plata},
  month = 	 {Julio},
  organization = {Universidad Nacional de La Plata}}


@Book{russell03:_artif_intel,
  author =	 "{Russell, S. and Norvig, P.}",
  title = 	"{Artificial Intelligence: A Modern App\-ro\-ach}",
  publisher = 	 {Prentice Hall},
  year = 	 2003,
  series =	 {Prentice Hall Series in Artificial Inteligence},
  edition = 	 {Second}
}

@InProceedings{hanks90:_issues_in_archit_for_plann_and_execut,
  author = 	 "{Hanks, S. and Firby, J.}",
  title = 	 "{Issues in architectures for planning and execution}",
  booktitle = {Workshop on Innovative Approaches to Planning,
                  Scheduling and Control},
  pages = 	 {59--70},
  year = 	 1990,
  address = 	 {Scheduling and Control, San Diego, CA},
  month = 	 {November}}

@Inproceedings{gbraun:rao91a,
  author =	 "{Rao, A. and Georgeff, M.}",
  title =	 "{Modeling Rational Agents within a
                  BDI-Architecture}",
  booktitle =	 {Proceedings of the 2nd International Conference on
                  Principles of Knowledge Representation and
                  Reasoning},
  publisher =	 {Morgan Kaufmann publishers Inc.: San Mateo, CA, USA},
  editor =	 {James Allen and Richard Fikes and Erik Sandewall},
  pages =	 "473--484",
  year =	 1991,
}  


%Bibliografia Capitulo 5

@ARTICLE{gbraun:Nebel2000onthe,
    author = "{Nebel, B.}",
    title = "{On the Compilability and Expressive Power of Propositional Planning Formalisms}",
    journal = {Journal of Artificial Intelligence Research},
    year = {2000},
    volume = {12},
    pages = {271--315}
}


@incollection{gbraun:Nebel:2001:EPP,
 author = "{Nebel, B.}",
 chapter = "{On the expressive power of planning formalisms: Conditional effects and Boolean preconditions in the STRIPS formalism}",
 title = "{Logic-based artificial intelligence}",
 editor = {Minker, Jack},
 year = {2001},
 isbn = {0792372247},
 pages = {469--488},
 numpages = {20},
 acmid = {374902},
 publisher = {Kluwer Academic Publishers},
 address = {Norwell, MA, USA},
 keywords = {Boolean preconditions, STRIPS, action planning, computational complexity, conditional effects, expressiveness},
} 


@inproceedings{Nebel:1999:EPD:647868.737114,
 author = "{Nebel, B.}",
 title = "{What Is the Expressive Power of Disjunctive Preconditions?}",
 booktitle = {Proceedings of the 5th European Conference on Planning: Recent Advances in AI Planning},
 series = {ECP '99},
 year = {2000},
 isbn = {3-540-67866-2},
 pages = {294--307},
 numpages = {14},
 acmid = {737114},
 publisher = {Springer-Verlag},
 address = {London, UK, UK},
} 

@INPROCEEDINGS{gbraun:Gazen97combiningthe,
    author = "{Gazen, B. and Knoblock, C.}",
    title = "{Combining the expressivity of UCPOP with the efficiency of Graphplan}",
    booktitle = { PROC. 4TH EUROPEAN CONFERENCE ON PLANNING},
    year = {1997},
    pages = {221--233},
    publisher = {}
}

@ARTICLE{gbraun:Weld99recentadvances,
    author = "{Weld, D.S.}",
    title = "{Recent Advances in AI Planning}",
    journal = {AI MAGAZINE},
    year = {1999},
    volume = {20},
    pages = {93--123}
}


%Bibliografia Capitulo 6

@book{gbraun:estandarprolog,
 author = "{Deransart, P. and Cervoni, L. and Ed-Dbali, A.}",
 title = "{Prolog: the standard: reference manual}",
 year = {1996},
 isbn = {3-540-59304-7},
 publisher = {Springer-Verlag},
 address = {London, UK, UK},
} 

@inproceedings{gbraun:exp:sint:2000,
 author = "{Cabeza, D. and Hermenegildo, M.}",
 title = "{A New Module System for Prolog}",
 booktitle = {Proceedings of the First International Conference on Computational Logic},
 series = {CL '00},
 year = {2000},
 isbn = {3-540-67797-6},
 pages = {131--148},
 numpages = {18},
 acmid = {725982},
 publisher = {Springer-Verlag},
 address = {London, UK, UK},
} 

@book{shapiro:1997:APA:6686,
 author = "{Sterling, L. and Shapiro, E.}",
 title = "{The art of Prolog: advanced programming techniques}",
 year = {1997},
 publisher = {MIT Press},
 edition = {Second},
 address = {Cambridge, MA, USA},
} 

@book{gbraun:Aho:2007,
 author = "{Aho, A.V. and Sethi, R. and Ullman, J.D.}",
 title = "{Compilers: principles, techniques, and tools}",
 year = {2007},
 publisher = {Addison-Wesley Longman Publishing Co., Inc.},
 address = {Boston, MA, USA},
} 

%Bibliografia Capitulo 7
