@string{LICS86 = "Proc.\ 1st Symposium on Logic in Computer Science, Boston, MA, USA"}
@string{POPL11 = "Proc.\ 11th ACM Symposium on Principles of Programming Languages"}
@string{RTA85 = "Proc.\ 1st Conf. on Rewriting Techniques and Applications, Dijon"}

@TECHREPORT{HH80,
author = {Huet, G. and Hullot, J.-M.},
title = {Proofs by Induction in Equational Theories with Constructors},
type = {Rapport de Recherche No. 28},
institution = {INRIA},
year = 1980}

@INPROCEEDINGS{JK86,
author = "J. P. Jouannaud and E. Kounalis",
title = "Proof by induction in equational theories without constructors",
booktitle = LICS86,
address = "Cornell, USA",
pages = "358--366",
year = 1986 }

@misc{Bac87,
author = {Bachmair, L.},
title = {Proof Methods for Equational Theories},
howpublished = {PhD thesis, U. Illinois at Urbana-Champaign},
year = 1987 }

@inproceedings{BDH86,
author = {Bachmair, L. and Dershowitz, N. and Hsiang, J.},
title = {Orderings for Equational Proofs},
booktitle = LICS86,
pages = {346--357},
month = {June},
year = 1986 }

@TECHREPORT{BG88,
author = {Bertling, H. and Ganzinger, H.},
title = {Completion-Time Optimization of Rewrite-Time Goal Solving},
type = {Report M.1.3-R-12.0, PROSPECTRA-Project},
institution = {FB Informatik, Universit\"at Dortmund, West Germany},
note = {To appear in Proc. 3rd International Conference on Rewriting Techniques and Applications, Chapel Hill 1989},
year = 1988 }

@inproceedings{BG89a,
author = {Bertling, H. and Ganzinger, H.},
title = {Completion-Time Optimization of Rewrite-Time Goal Solving},
booktitle = {Proc. 3rd International Conference on Rewriting Techniques and Applications, Chapel Hill 1989},
note = {To appear},
month = {April},
year = 1989 }

@TECHREPORT{BG89b,
author = {Bertling, H. and Ganzinger, H.},
title = {Knuth-Bendix Completion Of Application-Restricted Linear Horn Clause Calculi},
type = {Report},
institution = {FB Informatik, Universit\"at Dortmund, West Germany},
note = {To appear},
year = 1989 }

@inproceedings{BGM87,
author = {Bosco, P.G. and Giovannetti, E. and Moiso, C.},
title = {Refined strategies for semantic unification},
booktitle = {Proc. TAPSOFT, Vol. 2, LNCS 250},
address = {Pisa, Italy},
pages = {276--290},
month = {March},
year = 1987 }

@TECHREPORT{BGS88a,
author = {Bertling, H. and Ganzinger, H. and Sch\"afers, R.},
title = {A Collection of Specifications Completed by the CEC-System (Version 1.0)},
type = {Report M.1.3-SN-4.0, PROSPECTRA-Project},
institution = {FB Informatik, Universit\"at Dortmund, West Germany},
year = 1988 }

@TECHREPORT{BGS88b,
author = {Bertling, H. and Ganzinger, H. and Sch\"afers, R.},
title = {CEC: A System for Conditional Equational Completion - User Manual (Version 1.0)},
type = {Report M.1.3-R-3.0, PROSPECTRA-Project},
institution = {FB Informatik, Universit\"at Dortmund, West Germany},
year = 1988 }

@TECHREPORT{BGS89,
author = {Bertling, H. and Ganzinger, H. and Sch\"afers, R.},
title = {CEC: A System for Conditional Equational Completion - User Manual (Version 1.5)},
type = {PROSPECTRA-Project},
institution = {FB Informatik, Universit\"at Dortmund, West Germany},
year = 1989 }

@misc{CIP85,
author = {F. L. Bauer and R. Berghammer and M. Broy and W. Dosch and F. Geiselbrechtinger and R. Gnatz and E. Hangel and W. Hesse and B. Krieg-Br\"uckner and A. Laut and T. Matzner and B. M\"oller and F. Nickl and H. Partsch and P. Pepper and K. Samelson and M. Wirsing and H. W\"ossner},
title = {The Munich Project CIP, Vol. 1: The Wide Spectrum language CIP-L},
howpublished = {LNCS 183, Springer-Verlag},
year = 1985 }

@misc{CIP87,
author = {F. L. Bauer and H. Ehler and R. Horsch and B. M\"oller and H. Partsch and O. Paukner and P. Pepper},
title = {The Munich project CIP. Vol. II: The Transformation System CIP-S},
howpublished = {LNCS 292, Springer-Verlag},
year = 1987 }

@inproceedings{CL86,
author = {Cherifa, A.B. and Lescanne, P.},
title = {An actual implementation of a procedure that mechanically proves termination of rewriting systems based on inequalities between polynomial interpretations},
booktitle = {Proc. CADE-8, LNCS 230},
publisher = {Springer-Verlag},
address = {Oxford, England},
month = {July},
year = 1986 }

@misc{Com89,
author = {Comon, H.},
title = {Inductive proofs by specification transformations},
howpublished = {LNCS 355 Rewrite Techniques and Applications},
pages = {76-91},
year = 1989}

@inproceedings{DP85,
author = {Dershowitz, N. and Plaisted, D.A.},
title = {Logic Programming cum Applicative Programming},
booktitle = {Proc. of the 2nd IEEE Symp. on Logic Programming},
address = {Boston, MA, USA},
pages = {54--66},
year = 1985 }

@misc{Fag83,
author = {F. Fages},
title = {Associative Commutative Unification},
howpublished = {INRIA report CNRS-LITP4},
year = 1983}

@inproceedings{Fri85,
author = {Fribourg, L.},
title = {SLOG: A Logic Programming Language Interpreter Based on Clausal Superposition and Rewriting},
booktitle = {Proc. of the 2nd IEEE Symp. on Logic Programming},
address = {Boston, MA, USA},
pages = {172--184},
year = 1985 }

@ARTICLE{Gan83,
author = {Ganzinger, H.},
title = {Parameterized Specifications: Parameter Passing and Implementation with Respect to Observability},
journal = TOPLAS,
volume = 5,
number = 3,
month = {July},
pages = {318--354},
year = 1983 }

@inproceedings{Gan87a,
author = {Ganzinger, H.},
title = {Ground Term Confluence in Parametric Conditional Equational Specifications},
booktitle = {Proc. 4th Symp. on Theoretical Aspects of Computer Science},
publisher = {Springer-Verlag},
address = {Passau},
series = {LNCS 247},
pages = {286--298},
year = 1987 }

@inproceedings{Gan87b,
author = {Ganzinger, H.},
title = {A Completion Procedure for Conditional Equations},
booktitle = {Proc. 1st Int'l Workshop on Conditional Term Rewriting},
address = {Orsay, 1987},
pages = {62--83},
publisher = {Springer-Verlag},
series = {LNCS 308},
year = 1988,
note = {Original version as Forschungsbericht 234,
FB Informatik, Universit\"at Dortmund, West Germany, 1987,
revised version to appear in J. Symb. Computation}}

@inproceedings{Gan88a,
author = {Ganzinger, H.},
title = {Completion with History-Dependent Complexities for Generated Equations},
booktitle = {Recent Trends in Data Type Specifications},
editor = {Sannella, D.T. and Tarlecki, A.},
publisher = {Springer-Verlag},
series = {LNCS 332},
pages = {73--91},
year = 1988 }

@TECHREPORT{Gan88b,
author = {Ganzinger, H.},
title = {Order-Sorted Completion: The Many-Sorted Way},
type = {Forschungsbericht 274},
institution = {FB Informatik, Universit\"at Dortmund, West Germany},
year = 1988 }

@inproceedings{Gan89,
author = {Ganzinger, H.},
title = {Order-Sorted Completion: The Many-Sorted Way (Extended Abstract)},
booktitle = {Proc. TAPSOFT-Conference},
address = {Barcelona},
publisher = {Springer-Verlag},
series = {LNCS 351},
pages = {244--258},
year = 1989 }

@inproceedings{GJM85,
author = {Goguen, J.A. and Jouannaud, J.P. and Meseguer, J.},
title = {Operational Semantics of Order-Sorted Algebra},
booktitle = {Proc. 12th Intl. Conf. on Automata, Languages and Programming},
address = {Nafplion, Greece},
publisher = {Springer-Verlag},
series = {LNCS 194},
pages = {221--231},
year = 1985 }

@inproceedings{GKK88,
author = {I. Gnaedig and C. Kirchner and H. Kirchner},
title = {Equational Completion in Order-sorted Algebras},
booktitle = {Proc. CAAP '88},
publisher = {Springer-Verlag},
series = {LNCS 299},
pages = {165--184},
year = 1988 }

@inproceedings{GM86a,
author = {Goguen, J.A. and Meseguer, J.},
title = {EQLOG: Equality, Types and Generic Modules for Logic Programming},
editor = {DeGroot, D. and Lindstrom, G.},
booktitle = {Logic Programming. Functions, relations and equations},
publisher = {Prentice Hall},
year = 1986 }

@TECHREPORT{GM87,
author = {Goguen, J.A. and Meseguer, J.},
title = {Order-Sorted Algebra I: Partial and Overloaded Operators, Errors and Inheritance},
type = {Technical Report},
institution = {SRI International, Computer Science Laboratory},
year = 1987 }

@inproceedings{GM87b,
author = {Goguen, J.A. and Meseguer, J.},
title = {Order-Sorted Algebra Solves the Constructor-Selector, Multiple Representation and Coercion Problems},
booktitle = {Proc. 2nd IEEE Symp. on Logic in Computer Science},
address = {Cornell},
year = 1987 }

@inproceedings{Gog78,
author = {Goguen, J.A.},
title = {Some Design Principles and Theory for OBJ-0, a Language for Expressing and Executing Algebraic Specifications of Programs},
booktitle = {Proc. Int. Conf. on Mathematical Studies of Information Processing},
address = {Kyoto, Japan},
pages = {429--475},
year = 1978 }

@misc{Gogo83,
author = {Gogolla, M.},
title = {Algebraic Specifications with Partially Ordered Sorts and Declarations},
howpublished = {Forschungsbericht Nr. 169},
address = {Universit\"at Dortmund, Fachbereich Informatik, West Germany},
year = 1983 }

@misc{Gogo86,
author = {Gogolla, M.},
title = {\"Uber partiell geordnete Sortenmengen und deren Anwendung zur Fehlerbehandlung in abstrakten Datentypen},
howpublished = {Dissertation, Universit\"at Braunschweig, Naturwissenschaftliche Fakult\"at},
year = 1986 }

@book{Gol84,
author = {Goldberg, A.},
title = {Smalltalk-80, The Interactive Programming Environment},
publisher = {Addison-Wesley Publishing Company},
year = 1984}

@manual{GW88,
author = {Goguen, J.A. and Winkler, T.},
title = {Introducing OBJ3},
organization = {SRI International},
address = {Menlo Park CA 94025},
month = {August},
year = 1988 }

@incollection{HO80,
author = {Huet, G. and Oppen, D.C.},
title = {Equations and Rewrite Rules: A Survey},
editor = {R. Book},
booktitle = {Formal Languages: Perspectives and Open Problems},
publisher = {Academic Press},
address = {New York},
year = 1980}

@inproceedings{JW86,
author = {Jouannaud, J.P. and Waldmann, B.},
title = {Reductive conditional term rewriting systems},
booktitle = {Proc. 3rd TC2 Working Conference on the Formal Description of Programming Concepts},
address = {Ebberup, Denmark},
month = {August 25--28},
year = 1986 }

@inproceedings{Kap84,
author = {Kaplan, St.},
title = {Conditional Rewrite Rules},
booktitle = {Theoretical Computer Science 33},
address = {North-Holland},
pages = {175--193},
year = 1984 }

@misc{Kap85,
author = {Kaplan, St.},
title = {Fair Conditional Term Rewriting Systems: Unification, Termination and Confluence. Recent Trends in Data Type Specification},
howpublished = {Springer IFB 116},
year = 1985 }

@inproceedings{Kap87,
author = {S. Kaplan},
title = {A Compiler for Conditional Term Rewriting Systems},
booktitle = {Proc. of the 2nd International Conference on Rewriting Techniques and Applications, LNCS 256},
address = {Bordeaux, France},
publisher = {Springer-Verlag},
pages = {25--41},
month = {May},
year = 1987 }

@inproceedings{KaR87,
author = {Kaplan, St. and Remy, J.-L.},
title = {Completion Algorithms for Conditional Rewriting Systems},
booktitle = {MCC Workshop on Resolution of Equations in Algebraic Structures},
address = {Austin},
month = {May},
year = 1987 }

@incollection{KB69,
author = {Knuth, D. and Bendix, P.},
title = {Simple Word Problems in Universal Algebras},
booktitle = {Computational Problems in Abstract Algebra},
editor = {Leech, J.},
publisher = {Pergamon Press},
pages = {263--297},
year = 1970 }

@inproceedings{KHGB87,
author = {B. Krieg-Br\"uckner and B. Hoffmann and H. Ganzinger and M. Broy and R. Wilhelm and U. Moencke and B. Weisgerber and A. McGettrick and I. G. Campbell and G. Winterstein},
title = {PROgram development by SPECification and TRAnsformation},
booktitle = {Results and Achievements: Proc. ESPRIT Conf. '86},
editor = {M. W. Roger}, 
address = {North Holland},
pages = {301--312},
year = 1987 }

@inproceedings{KKM88,
author = {Kirchner, C. and Kirchner, H. and Meseguer, J.},
title = {Operational Semantics of OBJ-3},
booktitle = {Proc. 15th Intl. Colloq. on Automata, Languages and Programming},
address = {Tampere},
year = 1988 }

@inproceedings{KNS85,
author = {Kapur, D. and Narendran, P. and Sivakumar, G.},
title = {A Path Ordering for Proving Termination of Term Rewrite Systems},
booktitle = {LNCS 186},
pages = {173--187},
year = 1985 }

@inproceedings{KR88,
author = {Kounalis, E. and Rusinowitch, M.},
title = {On Word Problems in Horn Logic},
editor = {Dershowitz, N. and Kaplan, S.},
booktitle = {Proc. 1st Workshop on Conditional Term Rewriting},
address = {Orsay},
publisher = {Springer-Verlag},
series = {LNCS 308},
pages = {144--160},
year = 1988 }

@inproceedings{Kri87,
author = {B. Krieg-Br\"uckner},
title = {Integration of Program Construction and Verification: the PRO\-SPEC\-TRA Methodology},
editor = {Habermann, N. and Montanari, U.},
booktitle = {Innovative Software Factories and Ada. Proc. CRAI Int'l Spring Conf. '86},
series = {LNCS 275},
publisher = {Springer-Verlag},
pages = {173--194},
year = 1987 }

@misc{Kri88,
author = {B. Krieg-Br\"uckner},
title = {The PROSPECTRA Methodology of Program Development},
editor = {J. Zalewski},
booktitle = {Proc. IFIP/IFAC Working Conf. on Hardware and Software for Real Time Process Control},
address = {Warsaw},
pages = {257--271},
year = 1988 }

@misc{Obe62,
author = {A. Oberschelp},
title = {Untersuchungen zur mehrsortigen Quantorenlogik},
howpublished = {Mathematische Annalen 145},
pages = {297--333},
year = 1962 }

@inproceedings{Poi88,
author = {Poign\'e, A.},
title = {Partial Algebras, Subsorting, and Dependent Types -- Prerequisites of Error Handling in Algebraic Specifications},
booktitle = {Recent Trends in Data Type Specifications},
editor = {Sannella, D.T. and Tarlecki, A.},
publisher = {Springer-Verlag},
series = {LNCS 332},
pages = {208--234},
year = 1988 }

@misc{Rus87b,
author = {Rusinowitch, M.},
title = {Theorem-Proving with Resolution and Superposition: An Extension of Knuth and Bendix Procedure as a Complete Set of Inference Rules},
howpublished = {Report 87-R-128},
address = {CRIN, Nancy},
year = 1987 }

@inproceedings{RZ84,
author = {Remy, J.L and Zhang, H.},
title = {REVEUR 4: A System for Validating Conditional Algebraic Specifications of Abstract Data Types},
booktitle = {Proc. of the 6th ECAI},
address = {Pisa},
pages = {563--572},
year = 1984}

@TECHREPORT{SNGM87,
author = {Smolka, G. and Nutt, W. and Goguen, J.A. and Meseguer, J.},
title = {Order-Sorted Equational Computation},
type = {SEKI Report SR-87-14},
institution = {Universit\"at Kaiserslautern, West Germany},
note = {Also in Proc. Coll. on Resolution of Equations in Algebraic Structures, Austin},
month = {December},
year = 1987 }

@inproceedings{Sti81,
author = {Stickel, M.},
title = {A Unification Algorithm for Associative-Commutative Functions},
booktitle = {JACM, Vol. 28, No. 3},
pages = {423-434},
year = 1981}

@misc{Wal89a,
author = {Waldmann, U.},
title = {Semantics of Order-Sorted Specifications},
howpublished = {Forschungsbericht Nr. 297},
address = {FB Informatik, Universit\"at Dortmund, West Germany},
year = 1989 }

@misc{Wal89b,
author = {Waldmann, U.},
title = {Unification in Order-Sorted Signatures},
howpublished = {Forschungsbericht Nr. 298},
address = {FB Informatik, Universit\"at Dortmund, West Germany},
year = 1989 }

@inproceedings{PS81,
author = {Peterson, G.E. and Stickel, M.E.},
title = {Complete Sets of Reductions for Some Equational Theories},
booktitle = {JACM Vol.\ 28, No.\ 2},
pages = {233--264},
year = 1981}

@inproceedings{JK86b,
author = {Jouannaud, J.-P. and Kirchner, H.},
title = {Completion of a Set of Rules Modulo a Set of Equations},
booktitle = {SIAM Journal of Computing, 15(4)},
pages = {1155--1194},
year = 1986}

@inproceedings{ZR85,
author = {Zhang, H. and Remy, J.L.},
title = {Contextual Rewriting},
booktitle = RTA85,
publisher = {Springer-Verlag},
series = {LNCS},
pages = {46--62},
year = 1985 }

